%% This BibTeX bibliography file was created using BibDesk.
%% http://bibdesk.sourceforge.net/

%% Created for Salvatore Aiola at 2016-12-14 23:37:52 +0100 


%% Saved with string encoding Unicode (UTF-8) 



@article{Cacciari:1998,
	Archiveprefix = {arXiv},
	Author = {M. Cacciari and M. Greco and P. Nason},
	Date-Added = {2016-12-14 22:36:29 +0000},
	Date-Modified = {2016-12-14 22:37:28 +0000},
	Eprint = {9803400},
	Journal = {JHEP},
	Keywords = {heavy quarks, theory},
	Pages = {007},
	Primaryclass = {hep-ph},
	Title = {The p(T) spectrum in heavy-flavour hadroproduction},
	Volume = {9805},
	Year = {1998}}

@article{PDG:2014,
	Author = {Olive, K. A. and others},
	Collaboration = {Particle Data Group},
	Date-Added = {2016-11-16 15:06:22 +0000},
	Date-Modified = {2016-11-16 15:06:22 +0000},
	Doi = {10.1088/1674-1137/38/9/090001},
	Journal = {Chin. Phys.},
	Pages = {090001},
	Section = {C},
	Slaccitation = {%%CITATION = CHPHD,C38,090001;%%},
	Title = {{Review of Particle Physics}},
	Volume = {C38},
	Year = {2014},
	Bdsk-Url-1 = {http://dx.doi.org/10.1088/1674-1137/38/9/090001}}

@article{ALICE:2016b,
	Abstract = {The production of prompt charmed mesons D0, D+ and Dâˆ—+, and their antiparticles, was measured with the ALICE detector in Pb-Pb collisions at the centre-of-mass energy per nucleon pair,                                                                                                                                                                       s                                                      N                            N                                                                                                                                {\$}{\$} {\backslash}sqrt{\{}s{\_}{\{}{\backslash}mathrm{\{}NN{\}}{\}}{\}} {\$}{\$}                , of 2.76 TeV. The production yields for rapidity |y| < 0.5 are presented as a function of transverse momentum, p                                T, in the interval 1--36 GeV/c for the centrality class 0--10{\%} and in the interval 1--16 GeV/c for the centrality class 30--50{\%}. The nuclear modification factor R                                AA was computed using a proton-proton reference at                                                                                                                                             s                                            =                      2.76                                                        {\$}{\$} {\backslash}sqrt{\{}s{\}}=2.76 {\$}{\$}                 TeV, based on measurements at                                                                                                                                             s                                            =                      7                                                        {\$}{\$} {\backslash}sqrt{\{}s{\}}=7 {\$}{\$}                 TeV and on theoretical calculations. A maximum suppression by a factor of 5-6 with respect to binary-scaled pp yields is observed for the most central collisions at p                                T of about 10 GeV/c. A suppression by a factor of about 2-3 persists at the highest p                                T covered by the measurements. At low p                                T (1-3 GeV/c), the R                                AA has large uncertainties that span the range 0.35 (factor of about 3 suppression) to 1 (no suppression). In all p                                T intervals, the R                                AA is larger in the 30-50{\%} centrality class compared to central collisions. The D-meson R                                AA is also compared with that of charged pions and, at large p                                T, charged hadrons, and with model calculations.                                                                                                    },
	Archiveprefix = {arXiv},
	Author = {Adam, J. and others},
	Collaboration = {ALICE},
	Date-Added = {2016-07-27 01:35:39 +0000},
	Date-Modified = {2016-11-14 16:39:10 +0000},
	Doi = {10.1007/JHEP03(2016)081},
	Eprint = {arXiv:1509.06888},
	Issn = {1029-8479},
	Journal = {JHEP},
	Keywords = {ALICE, LHC, QGP, heavy quarks, charm},
	Number = {3},
	Pages = {1--43},
	Primaryclass = {nucl-ex},
	Title = {{Transverse momentum dependence of D-meson production in Pb--Pb collisions at $\sqrt{s_{\rm NN}} = 2.76 \rm TeV$}},
	Volume = {2016},
	Year = {2016},
	Bdsk-Url-1 = {http://dx.doi.org/10.1007/JHEP03(2016)081}}

@article{Sauli:2006,
	Author = {F. Sauli and L. Ropelewski and P. Everaerts},
	Date-Added = {2016-07-22 03:10:20 +0000},
	Date-Modified = {2016-07-22 03:14:06 +0000},
	Doi = {10.1016/j.nima.2005.12.239},
	Issn = {0168-9002},
	Journal = {Nuclear Instruments and Methods A},
	Keywords = {TPC, detectors},
	Number = {2},
	Pages = {269 - 277},
	Title = {Ion feedback suppression in time projection chambers},
	Volume = {560},
	Year = {2006},
	Bdsk-Url-1 = {http://www.sciencedirect.com/science/article/pii/S0168900205026781},
	Bdsk-Url-2 = {http://dx.doi.org/10.1016/j.nima.2005.12.239}}

@article{Colas:2004,
	Archiveprefix = {arXiv},
	Author = {P. Colas and I. Giomataris and V. Lepeltier},
	Date-Added = {2016-07-22 03:10:20 +0000},
	Date-Modified = {2016-07-22 03:39:42 +0000},
	Doi = {10.1016/j.nima.2004.07.274},
	Eprint = {physics/0412057},
	Issn = {0168-9002},
	Journal = {Nuclear Instruments and Methods A},
	Keywords = {TPC, detectors},
	Note = {Proceedings of the 10th International Vienna Conference on Instrumentation},
	Number = {1--2},
	Pages = {226 - 230},
	Primaryclass = {physics},
	Title = {{Ion backflow in the Micromegas TPC for the future linear collider}},
	Volume = {535},
	Year = {2004},
	Bdsk-Url-1 = {http://www.sciencedirect.com/science/article/pii/S0168900204016080},
	Bdsk-Url-2 = {http://dx.doi.org/10.1016/j.nima.2004.07.274}}

@article{Aiola:2016a,
	Archiveprefix = {arXiv},
	Author = {S. Aiola and others},
	Date-Added = {2016-07-21 03:39:03 +0000},
	Date-Modified = {2016-07-21 19:11:04 +0000},
	Eprint = {1603.08473},
	Journal = {{submitted to NIM}},
	Keywords = {ALICE, TPC},
	Title = {{Combination of two Gas Electron Multipliers and a Micromegas as gain elements for a time projection chamber}}}

@url{HotQuarks:2016,
	Date-Added = {2016-07-21 03:35:17 +0000},
	Date-Modified = {2016-07-21 19:03:53 +0000},
	Title = {{Hot Quarks 2016 Workshop}},
	Url = {http://hq2016.bnl.gov/},
	Bdsk-Url-1 = {http://hq2016.bnl.gov/}}

@article{PDG:2016,
	Author = {Patrignani, C. and others},
	Collaboration = {Particle Data Group},
	Date-Added = {2016-07-21 03:20:51 +0000},
	Date-Modified = {2016-11-16 15:07:14 +0000},
	Doi = {10.1088/1674-1137/38/9/090001},
	Journal = {Chin. Phys.},
	Pages = {100001},
	Section = {C},
	Slaccitation = {%%CITATION = CHPHD,C38,090001;%%},
	Title = {{Review of Particle Physics}},
	Volume = {C40},
	Year = {2016},
	Bdsk-Url-1 = {http://dx.doi.org/10.1088/1674-1137/38/9/090001}}

@article{ALICE:2015f,
	Archiveprefix = {arXiv},
	Author = {J. Adam and others},
	Collaboration = {ALICE},
	Date-Added = {2016-07-21 03:16:32 +0000},
	Date-Modified = {2016-07-21 18:50:32 +0000},
	Doi = {10.1016/j.physletb.2015.07.054},
	Eprint = {1503.00681},
	Issn = {0370-2693},
	Journal = {Physics Letters B},
	Keywords = {LHC, ALICE, jets},
	Pages = {68 - 81},
	Primaryclass = {nucl-ex},
	Title = {{Measurement of charged jet production cross sections and nuclear modification in p--Pb collisions at $\sqrt{s_{\rm NN}}=5.02$ TeV}},
	Volume = {749},
	Year = {2015},
	Bdsk-Url-1 = {http://www.sciencedirect.com/science/article/pii/S037026931500564X},
	Bdsk-Url-2 = {http://dx.doi.org/10.1016/j.physletb.2015.07.054}}

@article{ALICE:2015e,
	Archiveprefix = {arXiv},
	Author = {Abelev, B. and others},
	Collaboration = {ALICE},
	Date-Added = {2016-07-21 03:15:46 +0000},
	Date-Modified = {2016-11-14 16:48:28 +0000},
	Doi = {10.1103/PhysRevD.91.112012},
	Eprint = {1411.4969},
	Issue = {11},
	Journal = {Phys. Rev.},
	Keywords = {LHC, ALICE, jets},
	Numpages = {33},
	Pages = {112012},
	Primaryclass = {nucl-ex},
	Publisher = {American Physical Society},
	Section = {D},
	Title = {{Charged jet cross sections and properties in proton-proton collisions at $\sqrt{s}=7\,\mathrm{TeV}$}},
	Volume = {D91},
	Year = {2015},
	Bdsk-Url-1 = {http://link.aps.org/doi/10.1103/PhysRevD.91.112012},
	Bdsk-Url-2 = {http://dx.doi.org/10.1103/PhysRevD.91.112012}}

@article{Aiola:2014,
	Archiveprefix = {arXiv},
	Author = {{S. Aiola (for the ALICE Collaboration)}},
	Date-Added = {2016-07-21 03:06:50 +0000},
	Date-Modified = {2016-07-21 19:09:46 +0000},
	Doi = {10.1016/j.nuclphysa.2014.08.033},
	Eprint = {1408.0479},
	Issn = {0375-9474},
	Journal = {Nuclear Physics A},
	Keywords = {LHC, ALICE, jets, jet quenching, QGP},
	Note = {{Quark Matter 2014, XXIV International Conference on Ultra-Relativistic Nucleus-Nucleus Collisions}},
	Pages = {382 - 387},
	Primaryclass = {nucl-ex},
	Title = {{Measurement of jet $p_{\rm T}$ spectra and $R_{\rm AA}$ in pp and Pb--Pb collisions at $\sqrt{s_{\rm NN}}=2.76$ TeV with the ALICE detector}},
	Volume = {931},
	Year = {2014},
	Bdsk-Url-1 = {http://www.sciencedirect.com/science/article/pii/S0375947414002929},
	Bdsk-Url-2 = {http://dx.doi.org/10.1016/j.nuclphysa.2014.08.033}}

@article{Jain:2011,
	Abstract = {The fragmentation of a light parton i to a jet containing a light energetic hadron h, where the momentum fraction of this hadron as well as the invariant mass of the jet is measured, is described by ``fragmenting jet functions''. We calculate the oneloop matching coefficients                   {\$} {\{}{\backslash}mathcal{\{}J{\}}{\_}{\{}ij{\}}{\}} {\$}                 that relate the fragmenting jet functions                   {\$} {\backslash}mathcal{\{}G{\}}{\_}i^h {\$}                 to the standard, unpolarized fragmentation functions D                                          h                                                          j                 for quark and gluon jets. We perform this calculation using various IR regulators and show explicitly how the IR divergences cancel in the matching. We derive the relationship between the coefficients                   {\$} {\{}{\backslash}mathcal{\{}J{\}}{\_}{\{}ij{\}}{\}} {\$}                 and the quark and gluon jet functions. This provides a cross-check of our results. As an application we study the process e                        +                        e                        - {\textrightarrow} X$\pi$+ on the $\Upsilon$(4S) resonance where we measure the momentum fraction of the $\pi$+ and restrict to the dijet limit by imposing a cut on thrust T. In our analysis we sum the logarithms of $\tau$ = 1-T in the cross section to next-to-next-to-leading-logarithmic accuracy (NNLL). We find that including contributions up to NNLL (or NLO) can have a large impact on extracting fragmentation functions from e                        +                        e                        - {\textrightarrow} dijet + h.},
	Author = {Jain, Ambar and Procura, Massimiliano and Waalewijn, Wouter J.},
	Date-Added = {2016-07-21 03:06:50 +0000},
	Date-Modified = {2016-07-21 03:09:17 +0000},
	Doi = {10.1007/JHEP05(2011)035},
	Issn = {1029-8479},
	Journal = {Journal of High Energy Physics},
	Keywords = {theory, jets},
	Number = {5},
	Pages = {1--46},
	Title = {{Parton fragmentation within an identified jet at NNLL}},
	Volume = {2011},
	Year = {2011},
	Bdsk-Url-1 = {http://dx.doi.org/10.1007/JHEP05(2011)035}}

@article{Jain:2012,
	Abstract = {We define and study the properties of generalized beam functions (BFs) and fragmenting jet functions (FJFs), which are fully-unintegrated parton distribution functions (PDFs) and fragmentation functions (FFs) for perturbative k                âŠ¥. We calculate at one loop the coefficients for matching them onto standard PDFs and FFs, correcting previous results for the BFs in the literature. Technical subtleties when measuring transverse momentum in dimensional regularization are clarified, and this enables us to renormalize in momentum space. Generalized BFs describe the distribution in the full four-momentum k                                  $\mu$                 of a colliding parton taken out of an initial-state hadron, and therefore characterize the collinear initial-state radiation. We illustrate their importance through a factorization theorem for pp{\thinspace}{\textrightarrow}{\thinspace}â„“+â„“âˆ’{\thinspace}+{\thinspace}0 jets, where the transverse momentum of the lepton pair is measured. Generalized FJFs are relevant for the analysis of semi-inclusive processes where the full momentum of a hadron, fragmenting from a jet with constrained invariant mass, is measured. Their significance is shown for the example of e                +                e                âˆ’{\thinspace}{\textrightarrow}{\thinspace}dijet{\thinspace}+{\thinspace}h, where the perpendicular momentum of the fragmenting hadron with respect to the thrust axis is measured.},
	Author = {Jain, Ambar and Procura, Massimiliano and Waalewijn, Wouter J.},
	Date-Added = {2016-07-21 03:06:50 +0000},
	Date-Modified = {2016-07-21 03:09:38 +0000},
	Doi = {10.1007/JHEP04(2012)132},
	Issn = {1029-8479},
	Journal = {Journal of High Energy Physics},
	Keywords = {theory, jets},
	Number = {4},
	Pages = {1--31},
	Title = {Fully-unintegrated parton distribution and fragmentation functions at perturbative $k_{T}$},
	Volume = {2012},
	Year = {2012},
	Bdsk-Url-1 = {http://dx.doi.org/10.1007/JHEP04(2012)132}}

@article{Bauer:2014,
	Abstract = {Heavy quark fragmenting jet functions describe the fragmentation of a parton into a jet containing a heavy quark, carrying a fraction of the jet momentum. They are two-scale objects, sensitive to the heavy quark mass, m                                  Q                , and to a jet resolution variable, $\tau$                                  N                .We discuss how cross sections for heavy flavor production at high transverse momentum can be expressed in terms of heavy quark fragmenting jet functions, and how the properties of these functions can be used to achieve a simultaneous resummation of logarithms of the jet resolution variable, and logarithms of the quark mass. We calculate the heavy quark fragmenting jet function                                                                           {\$} {\backslash}mathcal{\{}G{\}}{\_}Q^Q {\$}                 at                                                                           {\$} {\backslash}mathcal{\{}O{\}}{\backslash}left( {\{}{\{}{\backslash}alpha{\_}s{\}}{\}} {\backslash}right) {\$}                , and the gluon and light quark fragmenting jet functions into a heavy quark,                                                                           {\$} {\backslash}mathcal{\{}G{\}}{\_}g^Q {\$}                 and                                                                           {\$} {\backslash}mathcal{\{}G{\}}{\_}l^Q {\$}                 at                                                                           {\$} {\backslash}mathcal{\{}O{\}}{\backslash}left( {\{}{\backslash}alpha{\_}s^2{\}} {\backslash}right) {\$}                . We verify that, in the limit in which the jet invariant mass is much larger than m                                  Q                , the logarithmic dependence of the fragmenting jet functions on the quark mass is reproduced by the heavy quark fragmentation functions. The fragmenting jet functions can thus be written as convolutions of the fragmentation functions with the matching coefficients                                                                           {\$} {\{}{\{}{\backslash}mathcal{\{}J{\}}{\}}{\_}{\{}ij {\}}{\}} {\$}                 , which depend only on dynamics at the jet scale. We reproduce the known matching coefficients                                                                           {\$} {\{}{\{}{\backslash}mathcal{\{}J{\}}{\}}{\_}{\{}ij {\}}{\}} {\$}                 at                                                                           {\$} {\backslash}mathcal{\{}O{\}}{\backslash}left( {\{}{\{}{\backslash}alpha{\_}s{\}}{\}} {\backslash}right) {\$}                , and we obtain the expressions of the coefficients                                                                           {\$} {\{}{\{}{\backslash}mathcal{\{}J{\}}{\}}{\_}{\{}gQ {\}}{\}} {\$}                 and                                                                           {\$} {\{}{\{}{\backslash}mathcal{\{}J{\}}{\}}{\_}{\{}lQ {\}}{\}} {\$}                 at                                                                           {\$} {\backslash}mathcal{\{}O{\}}{\backslash}left( {\{}{\backslash}alpha{\_}s^2{\}} {\backslash}right) {\$}                . Our calculation provides all the perturbative ingredients for the simultaneous resummation of logarithms of m                                  Q                 and $\tau$                                  N                .},
	Author = {Bauer, Christian W. and Mereghetti, Emanuele},
	Date-Added = {2016-07-21 03:06:50 +0000},
	Date-Modified = {2016-07-21 03:08:59 +0000},
	Doi = {10.1007/JHEP04(2014)051},
	Issn = {1029-8479},
	Journal = {Journal of High Energy Physics},
	Keywords = {theory, jets, heavy quarks},
	Number = {4},
	Pages = {1--47},
	Title = {Heavy quark fragmenting jet functions},
	Volume = {2014},
	Year = {2014},
	Bdsk-Url-1 = {http://dx.doi.org/10.1007/JHEP04(2014)051}}

@article{Bain:2016,
	Abstract = {We study jets with identified hadrons in which a family of jet-shape variables called angularities are measured, extending the concept of fragmenting jet functions (FJFs) to these observables. FJFs determine the fraction of energy, z, carried by an identified hadron in a jet with angularity, $\tau$                                                  a                . The FJFs are convolutions of fragmentation functions (FFs), evolved to the jet energy scale, with perturbatively calculable matching coefficients. Renormalization group equations are used to provide resummed calculations with next-to-leading logarithm prime (NLL') accuracy. We apply this formalism to two-jet events in e                                +                                e                                âˆ’ collisions with B mesons in the jets, and three-jet events in which a J/$\psi$ is produced in the gluon jet. In the case of B mesons, we use a phenomenological FF extracted from e                                +                                e                                âˆ’ collisions at the Z                                0 pole evaluated at the scale $\mu$ = m                                                  b                . For events with J/$\psi$, the FF can be evaluated in terms of Non-Relativistic QCD (NRQCD) matrix elements at the scale $\mu$ = 2m                                                  c                . The z and $\tau$                                                  a                 distributions from our NLL' calculations are compared with predictions from monte carlo event generators. While we find consistency between the predictions for B mesons and the J/$\psi$ distributions in $\tau$                                                  a                , we find the z distributions for J/$\psi$ differ significantly. We describe an attempt to merge PYTHIA showers with NRQCD FFs that gives good agreement with NLL' calculations of the z distributions.},
	Author = {Bain, Reggie and Dai, Lin and Hornig, Andrew and Leibovich, Adam K. and Makris, Yiannis and Mehen, Thomas},
	Date-Added = {2016-07-21 03:06:50 +0000},
	Date-Modified = {2016-07-21 03:08:41 +0000},
	Doi = {10.1007/JHEP06(2016)121},
	Issn = {1029-8479},
	Journal = {Journal of High Energy Physics},
	Keywords = {jets, theory, heavy quarks},
	Number = {6},
	Pages = {1--28},
	Title = {Analytic and Monte Carlo studies of jets with heavy mesons and quarkonia},
	Volume = {2016},
	Year = {2016},
	Bdsk-Url-1 = {http://dx.doi.org/10.1007/JHEP06(2016)121}}

@article{Procura:2012,
	Author = {Procura, Massimiliano and Waalewijn, Wouter J.},
	Date-Added = {2016-07-21 02:53:36 +0000},
	Date-Modified = {2016-07-21 02:53:53 +0000},
	Doi = {10.1103/PhysRevD.85.114041},
	Issue = {11},
	Journal = {Phys. Rev. D},
	Keywords = {theory, jets},
	Numpages = {5},
	Pages = {114041},
	Publisher = {American Physical Society},
	Title = {Fragmentation in jets: Cone and threshold effects},
	Volume = {85},
	Year = {2012},
	Bdsk-Url-1 = {http://link.aps.org/doi/10.1103/PhysRevD.85.114041},
	Bdsk-Url-2 = {http://dx.doi.org/10.1103/PhysRevD.85.114041}}

@article{Procura:2010,
	Author = {Procura, Massimiliano and Stewart, Iain W.},
	Date-Added = {2016-07-21 02:52:29 +0000},
	Date-Modified = {2016-07-21 02:52:49 +0000},
	Doi = {10.1103/PhysRevD.81.074009},
	Issue = {7},
	Journal = {Phys. Rev. D},
	Keywords = {theory, jets},
	Numpages = {14},
	Pages = {074009},
	Publisher = {American Physical Society},
	Title = {Quark fragmentation within an identified jet},
	Volume = {81},
	Year = {2010},
	Bdsk-Url-1 = {http://link.aps.org/doi/10.1103/PhysRevD.81.074009},
	Bdsk-Url-2 = {http://dx.doi.org/10.1103/PhysRevD.81.074009}}

@article{STAR:2009a,
	Archiveprefix = {arXiv},
	Author = {Abelev, B. I. and others},
	Collaboration = {STAR},
	Date-Added = {2016-07-21 02:47:00 +0000},
	Date-Modified = {2016-11-14 16:40:37 +0000},
	Doi = {10.1103/PhysRevD.79.112006},
	Eprint = {0901.0740},
	Issue = {11},
	Journal = {Phys. Rev.},
	Keywords = {RHIC, STAR, charm, heavy quarks, jets},
	Numpages = {7},
	Pages = {112006},
	Primaryclass = {hep-ex},
	Publisher = {American Physical Society},
	Section = {D},
	Title = {{Measurement of ${D}^{*}$ mesons in jets from $p+p$ collisions at $\sqrt{s}=200\text{ }\text{ }\mathrm{GeV}$}},
	Volume = {D79},
	Year = {2009},
	Bdsk-Url-1 = {http://link.aps.org/doi/10.1103/PhysRevD.79.112006},
	Bdsk-Url-2 = {http://dx.doi.org/10.1103/PhysRevD.79.112006}}

@article{dEnterria:2014,
	Author = {David d'Enterria and Kari J. Eskola and Ilkka Helenius and Hannu Paukkunen},
	Date-Added = {2016-07-21 02:40:10 +0000},
	Date-Modified = {2016-11-14 16:39:51 +0000},
	Doi = {10.1016/j.nuclphysb.2014.04.006},
	Issn = {0550-3213},
	Journal = {Nuclear Physics},
	Keywords = {theory, jets},
	Pages = {615},
	Section = {B},
	Title = {Confronting current {NLO} parton fragmentation functions with inclusive charged-particle spectra at hadron colliders},
	Volume = {B883},
	Year = {2014},
	Bdsk-Url-1 = {http://www.sciencedirect.com/science/article/pii/S0550321314001151},
	Bdsk-Url-2 = {http://dx.doi.org/10.1016/j.nuclphysb.2014.04.006}}

@article{Urmossy:2012,
	Author = {K. Urmossy and G.G. Barnaf{\"o}ldi and T.S. Bir{\'o}},
	Date-Added = {2016-07-21 02:38:01 +0000},
	Date-Modified = {2016-07-21 02:44:37 +0000},
	Doi = {http://dx.doi.org/10.1016/j.physletb.2012.10.025},
	Issn = {0370-2693},
	Journal = {Physics Letters B},
	Keywords = {theory, jet, LHC},
	Number = {1},
	Pages = {125 - 129},
	Title = {Microcanonical jet-fragmentation in proton--proton collisions at {LHC} energy},
	Volume = {718},
	Year = {2012},
	Bdsk-Url-1 = {http://www.sciencedirect.com/science/article/pii/S0370269312010799},
	Bdsk-Url-2 = {http://dx.doi.org/10.1016/j.physletb.2012.10.025}}

@article{Albino:2005,
	Author = {S. Albino and B.A. Kniehl and G. Kramer},
	Date-Added = {2016-07-21 02:38:01 +0000},
	Date-Modified = {2016-07-21 02:41:45 +0000},
	Doi = {http://dx.doi.org/10.1016/j.nuclphysb.2005.07.010},
	Issn = {0550-3213},
	Journal = {Nuclear Physics B},
	Keywords = {theory, jets},
	Number = {1--2},
	Pages = {181 - 206},
	Title = {Fragmentation functions for light charged hadrons with complete quark flavour separation},
	Volume = {725},
	Year = {2005},
	Bdsk-Url-1 = {http://www.sciencedirect.com/science/article/pii/S055032130500564X},
	Bdsk-Url-2 = {http://dx.doi.org/10.1016/j.nuclphysb.2005.07.010}}

@article{ATLAS:2011a,
	Abstract = {The jet fragmentation function and transverse profile for jets with 25 GeV<p                        T{\thinspace}jet<500 GeV and |$\eta$                        jet|<1.2 produced in proton--proton collisions with a center-of-mass energy of 7 TeV are presented. The measurement is performed using data with an integrated luminosity of 36 pbâˆ’1. Jets are reconstructed and their momentum measured using calorimetric information. The momenta of the charged particle constituents are measured using the tracking system. The distributions corrected for detector effects are compared with various Monte Carlo event generators and generator tunes. Several of these choices show good agreement with the measured fragmentation function. None of these choices reproduce both the transverse profile and fragmentation function over the full kinematic range of the measurement.},
	Archiveprefix = {arXiv},
	Author = {Aad, G. and others},
	Collaboration = {ATLAS},
	Date-Added = {2016-07-21 02:38:01 +0000},
	Date-Modified = {2016-07-21 18:10:27 +0000},
	Doi = {10.1140/epjc/s10052-011-1795-y},
	Eprint = {1109.5816},
	Issn = {1434-6052},
	Journal = {The European Physical Journal C},
	Keywords = {LHC, ATLAS, jets},
	Number = {11},
	Pages = {1--25},
	Primaryclass = {hep-ex},
	Title = {{Measurement of the jet fragmentation function and transverse profile in proton--proton collisions at a center-of-mass energy of 7 TeV with the ATLAS detector}},
	Volume = {71},
	Year = {2011},
	Bdsk-Url-1 = {http://dx.doi.org/10.1140/epjc/s10052-011-1795-y}}

@article{Maciula:2013,
	Author = {Maciula, Rafal and Szczurek, Antoni},
	Date-Added = {2016-07-21 02:36:31 +0000},
	Date-Modified = {2016-07-21 02:37:36 +0000},
	Doi = {10.1103/PhysRevD.87.094022},
	Issue = {9},
	Journal = {Phys. Rev. D},
	Keywords = {LHC, theory, charm, heavy quarks},
	Numpages = {23},
	Pages = {094022},
	Publisher = {American Physical Society},
	Title = {{Open charm production at the LHC: ${k}_{t}$-factorization approach}},
	Volume = {87},
	Year = {2013},
	Bdsk-Url-1 = {http://link.aps.org/doi/10.1103/PhysRevD.87.094022},
	Bdsk-Url-2 = {http://dx.doi.org/10.1103/PhysRevD.87.094022}}

@article{Thaler:2013,
	Author = {Chang, Hsi-Ming and Procura, Massimiliano and Thaler, Jesse and Waalewijn, Wouter J.},
	Date-Added = {2016-07-21 02:13:45 +0000},
	Date-Modified = {2016-07-21 02:40:24 +0000},
	Doi = {10.1103/PhysRevLett.111.102002},
	Issue = {10},
	Journal = {Phys. Rev. Lett.},
	Keywords = {theory, LHC, jets},
	Numpages = {5},
	Pages = {102002},
	Publisher = {American Physical Society},
	Title = {{Calculating Track-Based Observables for the LHC}},
	Volume = {111},
	Year = {2013},
	Bdsk-Url-1 = {http://link.aps.org/doi/10.1103/PhysRevLett.111.102002},
	Bdsk-Url-2 = {http://dx.doi.org/10.1103/PhysRevLett.111.102002}}

@article{ATLAS:2012e,
	Archiveprefix = {arXiv},
	Author = {G. Aad and others},
	Collaboration = {ATLAS},
	Date-Added = {2016-07-21 00:11:36 +0000},
	Date-Modified = {2016-07-21 23:55:53 +0000},
	Doi = {10.1016/j.nuclphysb.2012.07.009},
	Eprint = {1206.3122},
	Issn = {0550-3213},
	Journal = {Nuclear Physics B},
	Keywords = {LHC, ATLAS, heavy quarks, bottom},
	Number = {3},
	Pages = {341 - 381},
	Primaryclass = {hep-ex},
	Title = {{Measurement of the b-hadron production cross section using decays to final states in pp collisions at $\sqrt{s}=7$ TeV with the {ATLAS} detector}},
	Volume = {864},
	Year = {2012},
	Bdsk-Url-1 = {http://www.sciencedirect.com/science/article/pii/S0550321312003926},
	Bdsk-Url-2 = {http://dx.doi.org/10.1016/j.nuclphysb.2012.07.009}}

@article{ATLAS:2014e,
	Abstract = {The production of a W boson in association with a single charm quark is studied using 4.6 fbâˆ’1 of pp collision data at                                                                           {\$} {\backslash}sqrt{\{}s{\}} {\$}                 = 7 TeV collected with the ATLAS detector at the Large Hadron Collider. In events in which a W boson decays to an electron or muon, the charm quark is tagged either by its semileptonic decay to a muon or by the presence of a charmed meson. The integrated and differential cross sections as a function of the pseudorapidity of the lepton from the W-boson decay are measured. Results are compared to the predictions of next-to-leading-order QCD calculations obtained from various parton distribution function parameterisations. The ratio of the strange-to-down sea-quark distributions is determined to be                                                                           {\$} 0.96{\_}{\{}-0.30{\}}^{\{}+0.26 {\}} {\$}                 at Q                2 = 1.9 GeV2, which supports the hypothesis of an SU(3)-symmetric composition of the light-quark sea. Additionally, the cross-section ratio $\sigma$(W                + +                                                                          {\$} {\backslash}overline{\{}c{\}} {\$}                )/$\sigma$(W                âˆ’ + c) is compared to the predictions obtained using parton distribution function parameterisations with different assumptions about the                                                                           {\$} s-{\backslash}overline{\{}s{\}} {\$}                 quark asymmetry.                                                                                      },
	Archiveprefix = {arXiv},
	Author = {Aad, G. and others},
	Collaboration = {ATLAS},
	Date-Added = {2016-07-21 00:11:36 +0000},
	Date-Modified = {2016-07-21 18:15:25 +0000},
	Doi = {10.1007/JHEP05(2014)068},
	Eprint = {1402.6263},
	Issn = {1029-8479},
	Journal = {Journal of High Energy Physics},
	Keywords = {LHC, ATLAS, heavy quarks, charm},
	Number = {5},
	Pages = {1--67},
	Primaryclass = {hep-ex},
	Title = {{Measurement of the production of a W boson in association with a charm quark in pp collisions at $\sqrt{s} = 7$ TeV with the ATLAS detector}},
	Volume = {2014},
	Year = {2014},
	Bdsk-Url-1 = {http://dx.doi.org/10.1007/JHEP05(2014)068}}

@article{ALICE:2012e,
	Archiveprefix = {arXiv},
	Author = {B. Abelev and others},
	Collaboration = {ALICE},
	Date-Added = {2016-07-21 00:11:36 +0000},
	Date-Modified = {2016-07-21 17:58:17 +0000},
	Doi = {10.1016/j.physletb.2012.10.049},
	Eprint = {1208.1948},
	Issn = {0370-2693},
	Journal = {Physics Letters B},
	Keywords = {LHC, ALICE, heavy quarks, charm},
	Number = {2},
	Pages = {279 - 294},
	Primaryclass = {hep-ex},
	Title = {{$\rm {D}_{s}$ meson production at central rapidity in proton--proton collisions at $\sqrt{s}=7$ TeV}},
	Volume = {718},
	Year = {2012},
	Bdsk-Url-1 = {http://www.sciencedirect.com/science/article/pii/S0370269312011033},
	Bdsk-Url-2 = {http://dx.doi.org/10.1016/j.physletb.2012.10.049}}

@article{ATLAS:2016a,
	Archiveprefix = {arXiv},
	Author = {G. Aad and others},
	Collaboration = {ATLAS},
	Date-Added = {2016-07-20 23:59:59 +0000},
	Date-Modified = {2016-11-14 16:38:33 +0000},
	Doi = {10.1016/j.nuclphysb.2016.04.032},
	Eprint = {1512.02913},
	Issn = {0550-3213},
	Journal = {Nuclear Physics},
	Keywords = {LHC, ATLAS, heavy quarks, charm},
	Pages = {717 - 763},
	Primaryclass = {hep-ex},
	Section = {B},
	Title = {{Measurement of $D^{*\pm}$, $D^{\pm}$ and $D_s^{\pm}$ meson production cross sections in pp collisions at $\sqrt{s}=7$ TeV with the {ATLAS} detector}},
	Volume = {B907},
	Year = {2016},
	Bdsk-Url-1 = {http://www.sciencedirect.com/science/article/pii/S0550321316300700},
	Bdsk-Url-2 = {http://dx.doi.org/10.1016/j.nuclphysb.2016.04.032}}

@article{ALICE:2014d,
	Archiveprefix = {arXiv},
	Author = {Abelev, B. and others},
	Collaboration = {ALICE},
	Date-Added = {2016-07-20 23:42:50 +0000},
	Date-Modified = {2016-07-21 17:59:25 +0000},
	Doi = {10.1103/PhysRevLett.113.232301},
	Eprint = {1405.3452},
	Issue = {23},
	Journal = {Phys. Rev. Lett.},
	Keywords = {LHC, ALICE, heavy quarks, charm},
	Numpages = {11},
	Pages = {232301},
	Primaryclass = {nucl-ex},
	Publisher = {American Physical Society},
	Title = {{Measurement of Prompt D-Meson Production in p--Pb Collisions at $\sqrt{{s}_{\rm NN}}=5.02\text{ }\text{ }\mathrm{TeV}$}},
	Volume = {113},
	Year = {2014},
	Bdsk-Url-1 = {http://link.aps.org/doi/10.1103/PhysRevLett.113.232301},
	Bdsk-Url-2 = {http://dx.doi.org/10.1103/PhysRevLett.113.232301}}

@article{ALICE:2015d,
	Abstract = {The nuclear modification factor, R                                AA, of the prompt charmed mesons D0, D+ and Dâˆ—+, and their antiparticles, was measured with the ALICE detector in Pb-Pb collisions at a centre-of-mass energy                                                                                                                                                                       s                                                      N                                                        N                                                                                              =                      2.76                                                        {\$}{\$} {\backslash}sqrt{\{}s{\_}{\{}{\backslash}mathrm{\{}N{\}}{\backslash};{\backslash}mathrm{\{}N{\}}{\}}{\}}=2.76 {\$}{\$}                 TeV in two transverse momentum intervals, 5 < p                                T                         < 8 GeV/c and 8 < p                                T                         < 16 GeV/c, and in six collision centrality classes. The R                                AA shows a maximum suppression of a factor of 5-6 in the 10{\%} most central collisions. The suppression and its centrality dependence are compatible within uncertainties with those of charged pions. A comparison with the R                                AA of non-prompt J/$\psi$ from B meson decays, measured by the CMS Collaboration, hints at a larger suppression of D mesons in the most central collisions.                                                                                                    },
	Archiveprefix = {arXiv},
	Author = {Adam, J. and others},
	Collaboration = {ALICE},
	Date-Added = {2016-07-20 23:40:29 +0000},
	Date-Modified = {2016-07-21 18:01:31 +0000},
	Doi = {10.1007/JHEP11(2015)205},
	Eprint = {1506.06604},
	Issn = {1029-8479},
	Journal = {Journal of High Energy Physics},
	Keywords = {LHC, ALICE, heavy quarks, charm, QGP},
	Number = {11},
	Pages = {1--24},
	Primaryclass = {nucl-ex},
	Title = {{Centrality dependence of high-$p_{\rm T}$ D meson suppression in Pb--Pb collisions at $\sqrt{s_{\rm NN}}$ = 2.76}},
	Volume = {2015},
	Year = {2015},
	Bdsk-Url-1 = {http://dx.doi.org/10.1007/JHEP11(2015)205}}

@article{ALICE:2015c,
	Abstract = {Prompt D meson and non-prompt J/$\psi$ yields are studied as a function of the multiplicity of charged particles produced in inelastic proton-proton collisions at a centre-of-mass energy of                                                                                                                                             s                                            =                      7                                                        {\$}{\$} {\backslash}sqrt{\{}s{\}}=7 {\$}{\$}                 TeV. The results are reported as a ratio between yields in a given multiplicity interval normalised to the multiplicity-integrated ones (relative yields). They are shown as a function of the multiplicity of charged particles normalised to the average value for inelastic collisions (relative charged-particle multiplicity). D0, D+ and D*+ mesons are measured in five p                                T intervals from 1 GeV/c to 20 GeV/c and for |y| < 0.5 via their hadronic decays. The D-meson relative yield is found to increase with increasing charged-particle multiplicity. For events with multiplicity six times higher than the average multiplicity of inelastic collisions, a yield enhancement of a factor about 15 relative to the multiplicity-integrated yield in inelastic collisions is observed. The yield enhancement is independent of transverse momentum within the uncertainties of the measurement. The D0-meson relative yield is also measured as a function of the relative multiplicity at forward pseudo-rapidity. The non-prompt J/$\psi$, i.e. the B hadron, contribution to the inclusive J/$\psi$ production is measured in the di-electron decay channel at central rapidity. It is evaluated for p                                T > 1.3 GeV/c and |y| < 0.9, and extrapolated to p                                T > 0. The fraction of non-prompt J/$\psi$ in the inclusive J/$\psi$ yields shows no dependence on the charged-particle multiplicity at central rapidity. Charm and beauty hadron relative yields exhibit a similar increase with increasing charged-particle multiplicity. The measurements are compared to PYTHIA 8, EPOS 3 and percolation calculations.                                                                                                    },
	Archiveprefix = {arXiv},
	Author = {Adam, J. and others},
	Collaboration = {ALICE},
	Date-Added = {2016-07-20 23:37:28 +0000},
	Date-Modified = {2016-07-21 18:00:50 +0000},
	Doi = {10.1007/JHEP09(2015)148},
	Eprint = {1505.00664},
	Issn = {1029-8479},
	Journal = {Journal of High Energy Physics},
	Keywords = {LHC, ALICE, heavy quarks, charm, bottom},
	Number = {9},
	Pages = {1--46},
	Primaryclass = {nucl-ex},
	Title = {{Measurement of charm and beauty production at central rapidity versus charged-particle multiplicity in proton-proton collisions at $\sqrt{s}$ = 7 TeV}},
	Volume = {2015},
	Year = {2015},
	Bdsk-Url-1 = {http://dx.doi.org/10.1007/JHEP09(2015)148}}

@article{ALICE:2012d,
	Abstract = {The p                t-differential inclusive production cross sections of the prompt charmed mesons D0, D+, and D*+ in the rapidity range |y|{\thinspace}<{\thinspace}0.5 were measured in proton-proton collisions at                                                                           {\$} {\backslash}sqrt {\{}s{\}} = 7{\{} {\}}TeV {\$}                 at the LHC using the ALICE detector. Reconstructing the decays D0 {\textrightarrow} Kâˆ’$\pi$+, D+ {\textrightarrow} Kâˆ’$\pi$+$\pi$+, D*+ {\textrightarrow} D0$\pi$+, and their charge conjugates, about 8,400 D0, 2,900 D+, and 2,600 D*+ mesons with 1{\thinspace}<{\thinspace}p                t{\thinspace}<{\thinspace}24 GeV/c were counted, after selection cuts, in a data sample of 3.14{\thinspace}{\texttimes}{\thinspace}108 events collected with a minimum-bias trigger (integrated luminosity L                int{\thinspace}={\thinspace}5 nbâˆ’1). The results are described within uncertainties by predictions based on perturbative QCD.},
	Archiveprefix = {arXiv},
	Author = {Abelev, B. and others},
	Collaboration = {ALICE},
	Date-Added = {2016-07-20 23:27:13 +0000},
	Date-Modified = {2016-11-14 16:36:00 +0000},
	Doi = {10.1007/JHEP01(2012)128},
	Eprint = {1111.1553},
	Issn = {1029-8479},
	Journal = {JHEP},
	Keywords = {LHC, ALICE, charm, heavy quarks},
	Number = {1},
	Pages = {1--30},
	Primaryclass = {hep-ex},
	Title = {{Measurement of charm production at central rapidity in proton-proton collisions at $\sqrt{s}$ = 7 TeV}},
	Volume = {2012},
	Year = {2012},
	Bdsk-Url-1 = {http://dx.doi.org/10.1007/JHEP01(2012)128}}

@article{ALICE:2016a,
	Archiveprefix = {arXiv},
	Author = {J Adam and others},
	Collaboration = {ALICE},
	Date-Added = {2016-07-20 23:23:38 +0000},
	Date-Modified = {2016-07-22 02:35:29 +0000},
	Eprint = {1605.07569},
	Keywords = {ALICE, LHC, charm, heavy quarks},
	Primaryclass = {nucl-ex},
	Title = {{D-meson production in p--Pb collisions at $\sqrt{s_{\rm NN}}$ = 5.02 TeV and in pp collisions at $\sqrt{s}$ = 7 TeV}},
	Year = {2016}}

@article{Zhao:2011,
	Author = {Xingbo Zhao and Ralf Rapp},
	Date-Added = {2016-07-20 23:20:08 +0000},
	Date-Modified = {2016-07-22 02:34:35 +0000},
	Doi = {http://dx.doi.org/10.1016/j.nuclphysa.2011.05.001},
	Issn = {0375-9474},
	Journal = {Nuclear Physics A},
	Keywords = {theory, QGP, heavy quarks, charm, quarkonia},
	Number = {1},
	Pages = {114 - 125},
	Title = {{Medium modifications and production of charmonia at LHC}},
	Volume = {859},
	Year = {2011},
	Bdsk-Url-1 = {http://www.sciencedirect.com/science/article/pii/S0375947411003010},
	Bdsk-Url-2 = {http://dx.doi.org/10.1016/j.nuclphysa.2011.05.001}}

@article{ATLAS:2012d,
	Archiveprefix = {arXiv},
	Author = {Aad, G. and others},
	Collaboration = {ATLAS},
	Date-Added = {2016-07-20 23:16:13 +0000},
	Date-Modified = {2016-11-14 16:41:18 +0000},
	Doi = {10.1103/PhysRevD.85.052005},
	Eprint = {1112.4432},
	Issue = {5},
	Journal = {Phys. Rev.},
	Keywords = {LHC, ATLAS, heavy quarks, charm, jets},
	Numpages = {22},
	Pages = {052005},
	Primaryclass = {hep-ex},
	Publisher = {American Physical Society},
	Section = {D},
	Title = {{Measurement of ${D}^{*\pm}$ meson production in jets from $pp$ collisions at $\sqrt{s}=7\,\mathrm{TeV}$ with the ATLAS detector}},
	Volume = {D85},
	Year = {2012},
	Bdsk-Url-1 = {http://link.aps.org/doi/10.1103/PhysRevD.85.052005},
	Bdsk-Url-2 = {http://dx.doi.org/10.1103/PhysRevD.85.052005}}

@article{Alioli:2010,
	Abstract = {In this work we illustrate the POWHEG BOX, a general computer code framework for implementing NLO calculations in shower Monte Carlo programs according to the POWHEG method. Aim of this work is to provide an illustration of the needed theoretical ingredients, a view of how the code is organized and a description of what a user should provide in order to use it.},
	Author = {Alioli, Simone and Nason, Paolo and Oleari, Carlo and Re, Emanuele},
	Date-Added = {2016-07-20 23:14:20 +0000},
	Date-Modified = {2016-07-20 23:37:21 +0000},
	Doi = {10.1007/JHEP06(2010)043},
	Issn = {1029-8479},
	Journal = {Journal of High Energy Physics},
	Keywords = {software, theory, heavy quarks},
	Number = {6},
	Pages = {1--58},
	Title = {{A general framework for implementing NLO calculations in shower Monte Carlo programs: the POWHEG BOX}},
	Volume = {2010},
	Year = {2010},
	Bdsk-Url-1 = {http://dx.doi.org/10.1007/JHEP06(2010)043}}

@article{Cacciari:2015,
	Abstract = {We discuss production of charm and bottom quarks at forward rapidity in pp collisions at the LHC, updating the QCD predictions for the run at                                                                           {\$}{\$}{\backslash}sqrt{\{}S{\}}=13{\$}{\$}                                                                                                              S                                                =                        13                                                                             TeV. We show that, while the absolute rates suffer from large theoretical systematics, dominated by scale uncertainties, the increase relative to the rates precisely measured at 7 TeV can be predicted with an accuracy of a few percent, sufficient to highlight the sensitivity to the gluon distribution function.},
	Author = {Cacciari, Matteo and Mangano, Michelangelo L. and Nason, Paolo},
	Date-Added = {2016-07-20 23:10:35 +0000},
	Date-Modified = {2016-07-21 23:54:58 +0000},
	Doi = {10.1140/epjc/s10052-015-3814-x},
	Issn = {1434-6052},
	Journal = {The European Physical Journal C},
	Keywords = {LHC, theory, charm, heavy quarks},
	Number = {12},
	Pages = {1--20},
	Title = {{Gluon PDF constraints from the ratio of forward heavy-quark production at the LHC at $\sqrt{S}$ = 7 and 13 TeV}},
	Volume = {75},
	Year = {2015},
	Bdsk-Url-1 = {http://dx.doi.org/10.1140/epjc/s10052-015-3814-x}}

@article{Dokshitzer:2001,
	Author = {Yu.L Dokshitzer and D.E Kharzeev},
	Date-Added = {2016-07-20 22:09:31 +0000},
	Date-Modified = {2016-11-14 16:37:47 +0000},
	Doi = {http://dx.doi.org/10.1016/S0370-2693(01)01130-3},
	Issn = {0370-2693},
	Journal = {Phys. Lett.},
	Keywords = {theory, QGP, heavy quarks, charm},
	Number = {3--4},
	Pages = {199 - 206},
	Section = {B},
	Title = {Heavy-quark colorimetry of {QCD} matter},
	Volume = {B519},
	Year = {2001},
	Bdsk-Url-1 = {http://www.sciencedirect.com/science/article/pii/S0370269301011303},
	Bdsk-Url-2 = {http://dx.doi.org/10.1016/S0370-2693(01)01130-3}}

@article{Dokshitzer:1991,
	Abstract = {The application of the analytical perturbative technique to the description of inclusive particle spectra in QCD jets is reviewed. The authors discuss characteristic properties of the jets generated by heavy quarks and list the prospects for future studies of coherent parton cascades.},
	Author = {Yu L Dokshitzer and V A Khoze and S I Troyan},
	Date-Added = {2016-07-20 22:04:26 +0000},
	Date-Modified = {2016-07-20 22:09:04 +0000},
	Doi = {10.1088/0954-3899/17/10/003},
	Journal = {Journal of Physics G: Nuclear and Particle Physics},
	Keywords = {theory, charm, heavy quarks},
	Number = {10},
	Pages = {1481},
	Title = {Particle spectra in light and heavy quark jets},
	Volume = {17},
	Year = {1991},
	Bdsk-Url-1 = {http://stacks.iop.org/0954-3899/17/i=10/a=003}}

@article{ATLAS:2014d,
	Archiveprefix = {arXiv},
	Author = {Aad, G. and others},
	Collaboration = {ATLAS},
	Date-Added = {2016-07-20 21:21:50 +0000},
	Date-Modified = {2016-07-21 18:14:40 +0000},
	Doi = {10.1103/PhysRevLett.114.072302},
	Eprint = {1411.2357},
	Issue = {7},
	Journal = {Phys. Rev. Lett.},
	Keywords = {LHC, ATLAS, jets, jet quenching, QGP},
	Numpages = {18},
	Pages = {072302},
	Primaryclass = {hep-ex},
	Publisher = {American Physical Society},
	Title = {{Measurements of the Nuclear Modification Factor for Jets in $\mathrm{Pb}+\mathrm{Pb}$ Collisions at $\sqrt{{s}_{\mathrm{NN}}}=2.76\text{ }\text{ }\mathrm{TeV}$ with the ATLAS Detector}},
	Volume = {114},
	Year = {2015},
	Bdsk-Url-1 = {http://link.aps.org/doi/10.1103/PhysRevLett.114.072302},
	Bdsk-Url-2 = {http://dx.doi.org/10.1103/PhysRevLett.114.072302}}

@techreport{ALICE:2000,
	Author = {Dellacasa, G and others},
	Collaboration = {ALICE},
	Date-Added = {2016-07-19 22:06:57 +0000},
	Date-Modified = {2016-07-19 22:07:36 +0000},
	Institution = {{CERN}},
	Keywords = {LHC, ALICE},
	Publisher = {CERN},
	Reportnumber = {CERN-OPEN-2000-183},
	Series = {Technical Design Report ALICE},
	Title = {{ALICE time projection chamber: Technical Design Report}},
	Url = {https://cds.cern.ch/record/451098},
	Year = {2000},
	Bdsk-Url-1 = {https://cds.cern.ch/record/451098}}

@techreport{ALICE:2014c,
	Author = {B Abelev and others},
	Collaboration = {ALICE},
	Date-Added = {2016-07-19 22:02:08 +0000},
	Date-Modified = {2016-07-19 22:03:18 +0000},
	Institution = {{CERN}},
	Keywords = {LHC, ALICE},
	Number = {CERN-LHCC-2013-020. ALICE-TDR-016},
	Reportnumber = {CERN-LHCC-2013-020},
	Title = {{Upgrade of the ALICE Time Projection Chamber}},
	Url = {https://cds.cern.ch/record/1622286},
	Year = {2014},
	Bdsk-Url-1 = {https://cds.cern.ch/record/1622286}}

@techreport{ALICE:2015b,
	Author = {J Adam and others},
	Collaboration = {ALICE},
	Date-Added = {2016-07-19 21:59:34 +0000},
	Date-Modified = {2016-07-19 22:00:51 +0000},
	Institution = {{CERN}},
	Keywords = {LHC, ALICE},
	Number = {CERN-LHCC-2015-002. ALICE-TDR-016-ADD-1},
	Reportnumber = {CERN-LHCC-2015-002},
	Title = {{Addendum to the Technical Design Report for the Upgrade of the ALICE Time Projection Chamber}},
	Url = {http://cds.cern.ch/record/1984329},
	Year = {2015},
	Bdsk-Url-1 = {http://cds.cern.ch/record/1984329}}

@article{ALICE:2015a,
	Archiveprefix = {arXiv},
	Author = {J. Adam and others},
	Collaboration = {ALICE},
	Date-Added = {2016-07-19 14:02:50 +0000},
	Date-Modified = {2016-11-14 16:37:26 +0000},
	Doi = {10.1016/j.physletb.2015.04.039},
	Eprint = {1502.01689},
	Issn = {0370-2693},
	Journal = {Phys. Lett.},
	Keywords = {jets, LHC, ALICE, QGP},
	Pages = {1 - 14},
	Primaryclass = {nucl-ex},
	Section = {B},
	Title = {{Measurement of jet suppression in central Pb--Pb collisions at $\sqrt{s_{\rm NN}}=2.76$ TeV}},
	Volume = {B746},
	Year = {2015},
	Bdsk-Url-1 = {http://www.sciencedirect.com/science/article/pii/S0370269315002828},
	Bdsk-Url-2 = {http://dx.doi.org/10.1016/j.physletb.2015.04.039}}

@article{Ghez:1987,
	Abstract = {The fragmentation properties of highpâŠ¥ jets are investigated using new data from the ISR and the SPS collider. Effects from gluon radiation are clearly demonstrated by comparison with a state-of-the-art model inlcuding QCD parton cascade evolution and string hadronization, which gives in general good agreement with the data. Differences between quark and gluon jets are discussed as well asQ2-dependent scaling violation effects.},
	Author = {Ghez, P. and Ingelman, G.},
	Date-Added = {2016-07-18 22:19:02 +0000},
	Date-Modified = {2016-07-18 22:22:23 +0000},
	Doi = {10.1007/BF01552553},
	Issn = {1431-5858},
	Journal = {Zeitschrift f{\"u}r Physik C Particles and Fields},
	Keywords = {jets, theory},
	Number = {3},
	Pages = {465--473},
	Title = {Study of high pt quark and gluon jet fragmentation},
	Url = {http://dx.doi.org/10.1007/BF01552553},
	Volume = {33},
	Year = {1987},
	Bdsk-Url-1 = {http://dx.doi.org/10.1007/BF01552553}}

@article{UA1:1990,
	Author = {C. Albajar and others},
	Collaboration = {UA1},
	Date-Added = {2016-07-18 22:19:02 +0000},
	Date-Modified = {2016-11-14 16:46:22 +0000},
	Doi = {10.1016/0370-2693(90)90363-B},
	Issn = {0370-2693},
	Journal = {Phys. Lett.},
	Keywords = {UA1, SPS, heavy quarks, jets},
	Number = {3},
	Pages = {566},
	Section = {B},
	Title = {{A study of the $D^{*}$ content of jets at the CERN pp collider}},
	Volume = {B244},
	Year = {1990},
	Bdsk-Url-1 = {http://www.sciencedirect.com/science/article/pii/037026939090363B},
	Bdsk-Url-2 = {http://dx.doi.org/10.1016/0370-2693(90)90363-B}}

@article{Glover:1986,
	Author = {E.W.N. Glover and K. Hagiwara and A.D. Martin},
	Date-Added = {2016-07-18 22:19:02 +0000},
	Date-Modified = {2016-07-18 22:21:52 +0000},
	Doi = {http://dx.doi.org/10.1016/0370-2693(86)90981-0},
	Issn = {0370-2693},
	Journal = {Physics Letters B},
	Keywords = {QCD, theory, heavy quarks},
	Number = {3},
	Pages = {289 - 294},
	Title = {On the QCD 2 -> 3 contributions to the hadroproduction of heavy quarks},
	Url = {http://www.sciencedirect.com/science/article/pii/0370269386909810},
	Volume = {168},
	Year = {1986},
	Bdsk-Url-1 = {http://www.sciencedirect.com/science/article/pii/0370269386909810},
	Bdsk-Url-2 = {http://dx.doi.org/10.1016/0370-2693(86)90981-0}}

@article{Mueller:1986,
	Author = {A.H. Mueller and P. Nason},
	Date-Added = {2016-07-18 22:19:02 +0000},
	Date-Modified = {2016-07-18 22:21:11 +0000},
	Doi = {http://dx.doi.org/10.1016/0550-3213(86)90091-X},
	Issn = {0550-3213},
	Journal = {Nuclear Physics B},
	Keywords = {jets, heavy quarks, theory},
	Number = {2},
	Pages = {265 - 273},
	Title = {Heavy particle content in QCD jets},
	Url = {http://www.sciencedirect.com/science/article/pii/055032138690091X},
	Volume = {266},
	Year = {1986},
	Bdsk-Url-1 = {http://www.sciencedirect.com/science/article/pii/055032138690091X},
	Bdsk-Url-2 = {http://dx.doi.org/10.1016/0550-3213(86)90091-X}}

@article{Gunion:1986,
	Author = {J.F. Gunion and Z. Kunszt},
	Date-Added = {2016-07-18 22:19:02 +0000},
	Date-Modified = {2016-07-18 22:21:30 +0000},
	Doi = {http://dx.doi.org/10.1016/0370-2693(86)91513-3},
	Issn = {0370-2693},
	Journal = {Physics Letters B},
	Keywords = {heavy quarks, theory},
	Number = {2},
	Pages = {296 - 300},
	Title = {Heavy flavor production with gluon bremsstrahlung},
	Url = {http://www.sciencedirect.com/science/article/pii/0370269386915133},
	Volume = {178},
	Year = {1986},
	Bdsk-Url-1 = {http://www.sciencedirect.com/science/article/pii/0370269386915133},
	Bdsk-Url-2 = {http://dx.doi.org/10.1016/0370-2693(86)91513-3}}

@article{Nason:1988,
	Author = {P. Nason and S. Dawson and R.K. Ellis},
	Date-Added = {2016-07-18 22:19:02 +0000},
	Date-Modified = {2016-07-18 22:20:52 +0000},
	Doi = {http://dx.doi.org/10.1016/0550-3213(88)90422-1},
	Issn = {0550-3213},
	Journal = {Nuclear Physics B},
	Keywords = {heavy quarks, theory},
	Number = {4},
	Pages = {607 - 633},
	Title = {The total cross section for the production of heavy quarks in hadronic collisions},
	Url = {http://www.sciencedirect.com/science/article/pii/0550321388904221},
	Volume = {303},
	Year = {1988},
	Bdsk-Url-1 = {http://www.sciencedirect.com/science/article/pii/0550321388904221},
	Bdsk-Url-2 = {http://dx.doi.org/10.1016/0550-3213(88)90422-1}}

@article{Ali:1987,
	Author = {A. Ali and B. van Eijk and I. ten Have},
	Date-Added = {2016-07-18 22:19:02 +0000},
	Date-Modified = {2016-07-18 22:22:58 +0000},
	Doi = {http://dx.doi.org/10.1016/0550-3213(87)90636-5},
	Issn = {0550-3213},
	Journal = {Nuclear Physics B},
	Keywords = {heavy quarks, theory},
	Pages = {1 - 58},
	Title = {Heavy flavour production in large transverse momentum proton-antiproton collisions},
	Url = {http://www.sciencedirect.com/science/article/pii/0550321387906365},
	Volume = {292},
	Year = {1987},
	Bdsk-Url-1 = {http://www.sciencedirect.com/science/article/pii/0550321387906365},
	Bdsk-Url-2 = {http://dx.doi.org/10.1016/0550-3213(87)90636-5}}

@article{Ingelman:1986,
	Abstract = {We investigate the fragmentation properties of quark and gluon jets at present and future collider energies. Effects due to gluon radiation, as described by leading logarithm QCD parton cascade evolution, are discussed in terms of different model calculations. The longitudinal and transverse properties of jets are shown, in particular the angular energy profile and jet substructure are examined.},
	Author = {G Ingelman},
	Date-Added = {2016-07-18 22:19:02 +0000},
	Date-Modified = {2016-07-18 22:19:26 +0000},
	Journal = {Physica Scripta},
	Keywords = {jets, theory},
	Number = {1},
	Pages = {39},
	Title = {Jet Fragmentation at Collider Energies},
	Url = {http://stacks.iop.org/1402-4896/33/i=1/a=005},
	Volume = {33},
	Year = {1986},
	Bdsk-Url-1 = {http://stacks.iop.org/1402-4896/33/i=1/a=005}}

@article{Ellis:1987,
	Author = {R.K. Ellis and J.C. Sexton},
	Date-Added = {2016-07-18 22:19:02 +0000},
	Date-Modified = {2016-07-18 22:22:39 +0000},
	Doi = {http://dx.doi.org/10.1016/0550-3213(87)90702-4},
	Issn = {0550-3213},
	Journal = {Nuclear Physics B},
	Keywords = {theory, heavy quarks},
	Pages = {642 - 652},
	Title = {Explicit formulae for heavy flavour production},
	Url = {http://www.sciencedirect.com/science/article/pii/0550321387907024},
	Volume = {282},
	Year = {1987},
	Bdsk-Url-1 = {http://www.sciencedirect.com/science/article/pii/0550321387907024},
	Bdsk-Url-2 = {http://dx.doi.org/10.1016/0550-3213(87)90702-4}}

@article{Anselmo:1992,
	Author = {Anselmo, F. and van Eijk, B. and Bordes, G.},
	Date-Added = {2016-07-18 21:46:11 +0000},
	Date-Modified = {2016-07-18 21:46:47 +0000},
	Doi = {10.1103/PhysRevD.45.2312},
	Issue = {7},
	Journal = {Phys. Rev. D},
	Keywords = {theory, heavy quarks},
	Numpages = {0},
	Pages = {2312--2322},
	Publisher = {American Physical Society},
	Title = {Heavy flavor production at large transverse momentum through the boson-gluon fusion mechanism},
	Url = {http://link.aps.org/doi/10.1103/PhysRevD.45.2312},
	Volume = {45},
	Year = {1992},
	Bdsk-Url-1 = {http://link.aps.org/doi/10.1103/PhysRevD.45.2312},
	Bdsk-Url-2 = {http://dx.doi.org/10.1103/PhysRevD.45.2312}}

@article{CDF:1990,
	Author = {Abe, F. and others},
	Collaboration = {CDF},
	Date-Added = {2016-07-18 19:09:04 +0000},
	Date-Modified = {2016-07-21 18:19:36 +0000},
	Doi = {10.1103/PhysRevLett.64.348},
	Issue = {4},
	Journal = {Phys. Rev. Lett.},
	Keywords = {heavy quarks, FNAL, CDF, jets},
	Pages = {348--352},
	Publisher = {American Physical Society},
	Title = {{Measurement of ${D}^{*}$ production in jets from ppbar collisions at $\sqrt{s} =1.8$ TeV}},
	Volume = {64},
	Year = {1990},
	Bdsk-Url-1 = {http://link.aps.org/doi/10.1103/PhysRevLett.64.348},
	Bdsk-Url-2 = {http://dx.doi.org/10.1103/PhysRevLett.64.348}}

@article{Ellis:1990,
	Author = {Nick Ellis and Anne Kernan},
	Date-Added = {2016-07-18 19:07:06 +0000},
	Date-Modified = {2016-07-18 19:07:47 +0000},
	Doi = {http://dx.doi.org/10.1016/0370-1573(90)90079-H},
	Issn = {0370-1573},
	Journal = {Physics Reports},
	Keywords = {theory, heavy quarks},
	Number = {2},
	Pages = {23 - 125},
	Title = {Heavy quark production at the {CERN} pp collider},
	Url = {http://www.sciencedirect.com/science/article/pii/037015739090079H},
	Volume = {195},
	Year = {1990},
	Bdsk-Url-1 = {http://www.sciencedirect.com/science/article/pii/037015739090079H},
	Bdsk-Url-2 = {http://dx.doi.org/10.1016/0370-1573(90)90079-H}}

@article{Beenakker:1989,
	Author = {Beenakker, W. and Kuijf, H. and van Neerven, W. L. and Smith, J.},
	Date-Added = {2016-07-18 18:58:36 +0000},
	Date-Modified = {2016-07-20 21:55:00 +0000},
	Doi = {10.1103/PhysRevD.40.54},
	Issue = {1},
	Journal = {Phys. Rev. D},
	Keywords = {theory, QCD, heavy quarks},
	Numpages = {0},
	Pages = {54--82},
	Publisher = {American Physical Society},
	Title = {QCD corrections to heavy-quark production in $p\overline{p}$ collisions},
	Url = {http://link.aps.org/doi/10.1103/PhysRevD.40.54},
	Volume = {40},
	Year = {1989},
	Bdsk-Url-1 = {http://link.aps.org/doi/10.1103/PhysRevD.40.54},
	Bdsk-Url-2 = {http://dx.doi.org/10.1103/PhysRevD.40.54}}

@article{CDF:2004,
	Archiveprefix = {arXiv},
	Author = {Acosta, D. and others},
	Collaboration = {CDF},
	Date-Added = {2016-07-18 18:01:00 +0000},
	Date-Modified = {2016-07-21 18:22:38 +0000},
	Doi = {10.1103/PhysRevD.69.072004},
	Eprint = {hep-ex/0311051},
	Issue = {7},
	Journal = {Phys. Rev. D},
	Keywords = {FNAL, CDF, jets, heavy quarks},
	Numpages = {21},
	Pages = {072004},
	Primaryclass = {hep-ex},
	Publisher = {American Physical Society},
	Title = {Heavy flavor properties of jets produced in $p\overline{p}$ interactions at $\sqrt{s}=1.8\mathrm{TeV}$},
	Volume = {69},
	Year = {2004},
	Bdsk-Url-1 = {http://link.aps.org/doi/10.1103/PhysRevD.69.072004},
	Bdsk-Url-2 = {http://dx.doi.org/10.1103/PhysRevD.69.072004}}

@article{Bhattacharya:2015,
	Abstract = {We re-evaluate the prompt atmospheric neutrino flux, using the measured charm cross sections at RHIC and the Large Hadron Collider to constrain perturbative QCD parameters such as the factorization and renormalization scales, as well as modern parton distribution functions and recent estimates of the cosmic-ray spectra. We find that our result for the prompt neutrino flux is lower than previous perturbative QCD estimates and, consequently, alters the signal-to-background statistics of the recent IceCube measurements at high energies.},
	Author = {Bhattacharya, Atri and Enberg, Rikard and Reno, Mary Hall and Sarcevic, Ina and Stasto, Anna},
	Date-Added = {2016-07-18 15:23:24 +0000},
	Date-Modified = {2016-07-21 23:51:31 +0000},
	Doi = {10.1007/JHEP06(2015)110},
	Issn = {1029-8479},
	Journal = {Journal of High Energy Physics},
	Keywords = {theory, heavy quarks, cosmic rays, neutrinos},
	Number = {6},
	Pages = {1--19},
	Title = {{Perturbative charm production and the prompt atmospheric neutrino flux in light of RHIC and LHC}},
	Volume = {2015},
	Year = {2015},
	Bdsk-Url-1 = {http://dx.doi.org/10.1007/JHEP06(2015)110}}

@article{Gauld:2015,
	Archiveprefix = {arXiv},
	Author = {Rhorry Gauld and Juan Rojo and Luca Rottoli and Jim Talbert},
	Date-Added = {2016-07-18 15:20:31 +0000},
	Date-Modified = {2016-07-21 18:44:41 +0000},
	Eprint = {1506.08025},
	Keywords = {theory, heavy quarks, neutrinos, cosmic rays},
	Primaryclass = {hep-ph},
	Title = {Charm production in the forward region: constraints on the small-x gluon and backgrounds for neutrino astronomy},
	Year = {2015}}

@article{Kniehl:2012,
	Abstract = {We present predictions for the inclusive production of D mesons at the CERN LHC in the general-mass variable-flavor-number scheme at next-to-leading order. Detailed numerical results are compared to data where available, or presented in a way to ease future comparisons with experimental results. We also point out that measurements at large rapidity have the potential to pin down models of intrinsic charm.},
	Author = {Kniehl, Bernd A. and Kramer, Gustav and Schienbein, Ingo and Spiesberger, Hubert},
	Date-Added = {2016-07-18 15:03:27 +0000},
	Date-Modified = {2016-07-18 19:04:19 +0000},
	Doi = {10.1140/epjc/s10052-012-2082-2},
	Issn = {1434-6052},
	Journal = {The European Physical Journal C},
	Keywords = {theory, LHC, heavy quarks},
	Number = {7},
	Pages = {1--10},
	Title = {Inclusive charmed-meson production at the CERN LHC},
	Url = {http://dx.doi.org/10.1140/epjc/s10052-012-2082-2},
	Volume = {72},
	Year = {2012},
	Bdsk-Url-1 = {http://dx.doi.org/10.1140/epjc/s10052-012-2082-2}}

@article{Cacciari:2012b,
	Abstract = {We present predictions for a variety of single-inclusive observables that stem from the production of charm and bottom quark pairs at the 7 TeV LHC. They are obtained within the FONLL semi-analytical framework, and with two ``Monte Carlo + NLO'' approaches, MC@NLO and POWHEG. Results are given for final states and acceptance cuts that are as close as possible to those used by experimental collaborations and, where feasible, are compared to LHC data.},
	Archiveprefix = {arXiv},
	Author = {Cacciari, Matteo and others},
	Date-Added = {2016-07-18 15:02:32 +0000},
	Date-Modified = {2016-11-16 15:18:15 +0000},
	Doi = {10.1007/JHEP10(2012)137},
	Eprint = {1205.6344},
	Issn = {1029-8479},
	Journal = {JHEP},
	Keywords = {theory, heavy quarks},
	Number = {10},
	Pages = {1--24},
	Primaryclass = {hep-ph},
	Title = {{Theoretical predictions for charm and bottom production at the LHC}},
	Volume = {2012},
	Year = {2012},
	Bdsk-Url-1 = {http://dx.doi.org/10.1007/JHEP10(2012)137}}

@article{LHCb:2013a,
	Archiveprefix = {arXiv},
	Author = {R. Aaij and others},
	Collaboration = {LHCb},
	Date-Added = {2016-07-18 15:00:24 +0000},
	Date-Modified = {2016-11-14 16:38:15 +0000},
	Doi = {10.1016/j.nuclphysb.2013.02.010},
	Eprint = {1302.2864},
	Issn = {0550-3213},
	Journal = {Nuclear Physics},
	Keywords = {LHC, LHCb, heavy quarks},
	Number = {1},
	Pages = {1 - 20},
	Primaryclass = {hep-ex},
	Section = {B},
	Title = {{Prompt charm production in pp collisions at $\sqrt{s}=7$~TeV}},
	Volume = {B871},
	Year = {2013},
	Bdsk-Url-1 = {http://www.sciencedirect.com/science/article/pii/S0550321313000965},
	Bdsk-Url-2 = {http://dx.doi.org/10.1016/j.nuclphysb.2013.02.010}}

@article{DeRujula:1975,
	Author = {De R\'ujula, A. and Glashow, S. L.},
	Date-Added = {2016-07-18 14:25:39 +0000},
	Date-Modified = {2016-07-20 21:27:16 +0000},
	Doi = {10.1103/PhysRevLett.34.46},
	Issue = {1},
	Journal = {Phys. Rev. Lett.},
	Keywords = {theory, heavy quarks, charm},
	Numpages = {0},
	Pages = {46--49},
	Publisher = {American Physical Society},
	Title = {Is Bound Charm Found?},
	Volume = {34},
	Year = {1975},
	Bdsk-Url-1 = {http://link.aps.org/doi/10.1103/PhysRevLett.34.46},
	Bdsk-Url-2 = {http://dx.doi.org/10.1103/PhysRevLett.34.46}}

@article{Appelquist:1975,
	Author = {Appelquist, Thomas and Politzer, H. David},
	Date-Added = {2016-07-18 14:24:13 +0000},
	Date-Modified = {2016-07-20 21:26:59 +0000},
	Doi = {10.1103/PhysRevLett.34.43},
	Issue = {1},
	Journal = {Phys. Rev. Lett.},
	Keywords = {theory, heavy quarks, charm},
	Numpages = {0},
	Pages = {43--45},
	Publisher = {American Physical Society},
	Title = {Heavy Quarks and ${e}^{+}{e}^{-}$ Annihilation},
	Volume = {34},
	Year = {1975},
	Bdsk-Url-1 = {http://link.aps.org/doi/10.1103/PhysRevLett.34.43},
	Bdsk-Url-2 = {http://dx.doi.org/10.1103/PhysRevLett.34.43}}

@webpage{Wikipedia:StandardModel,
	Date-Added = {2016-07-14 18:44:07 +0000},
	Date-Modified = {2016-07-14 18:55:01 +0000},
	Url = {https://en.wikipedia.org/wiki/Standard_Model},
	Bdsk-Url-1 = {https://en.wikipedia.org/wiki/Standard_Model}}

@article{D0:1995,
	Archiveprefix = {arXiv},
	Author = {Abachi, S. and others},
	Collaboration = {D0},
	Date-Added = {2016-07-13 21:59:48 +0000},
	Date-Modified = {2016-07-21 18:24:48 +0000},
	Doi = {10.1103/PhysRevLett.74.2422},
	Eprint = {hep-ex/9411001},
	Issue = {13},
	Journal = {Phys. Rev. Lett.},
	Keywords = {FNAL, D0, top},
	Pages = {2422--2426},
	Primaryclass = {hep-ex},
	Publisher = {American Physical Society},
	Title = {{Search for High Mass Top Quark Production in $\mathit{p}\overline{p}$ Collisions at $\sqrt{\mathit{s}}\phantom{\rule{0ex}{0ex}}=\phantom{\rule{0ex}{0ex}}$ 1.8 TeV}},
	Volume = {74},
	Year = {1995},
	Bdsk-Url-1 = {http://link.aps.org/doi/10.1103/PhysRevLett.74.2422},
	Bdsk-Url-2 = {http://dx.doi.org/10.1103/PhysRevLett.74.2422}}

@article{CDF:1995,
	Author = {Abe, F. and others},
	Collaboration = {CDF},
	Date-Added = {2016-07-13 21:59:22 +0000},
	Date-Modified = {2016-07-21 18:19:31 +0000},
	Doi = {10.1103/PhysRevLett.74.2626},
	Issue = {14},
	Journal = {Phys. Rev. Lett.},
	Keywords = {FNAL, CDF, top},
	Pages = {2626--2631},
	Publisher = {American Physical Society},
	Title = {Observation of Top Quark Production in $\overline{\mathit{p}}\mathit{p}$ Collisions with the Collider Detector at Fermilab},
	Volume = {74},
	Year = {1995},
	Bdsk-Url-1 = {http://link.aps.org/doi/10.1103/PhysRevLett.74.2626},
	Bdsk-Url-2 = {http://dx.doi.org/10.1103/PhysRevLett.74.2626}}

@article{Lederman:1977,
	Author = {Herb, S. W. and others},
	Date-Added = {2016-07-13 21:56:57 +0000},
	Date-Modified = {2016-07-18 19:04:40 +0000},
	Doi = {10.1103/PhysRevLett.39.252},
	Issue = {5},
	Journal = {Phys. Rev. Lett.},
	Keywords = {heavy quarks, bottom},
	Numpages = {0},
	Pages = {252--255},
	Publisher = {American Physical Society},
	Title = {Observation of a Dimuon Resonance at 9.5 GeV in 400-GeV Proton-Nucleus Collisions},
	Url = {http://link.aps.org/doi/10.1103/PhysRevLett.39.252},
	Volume = {39},
	Year = {1977},
	Bdsk-Url-1 = {http://link.aps.org/doi/10.1103/PhysRevLett.39.252},
	Bdsk-Url-2 = {http://dx.doi.org/10.1103/PhysRevLett.39.252}}

@article{Richter:1974,
	Author = {Augustin, J. -E. and others},
	Date-Added = {2016-07-13 18:59:22 +0000},
	Date-Modified = {2016-07-20 21:26:34 +0000},
	Doi = {10.1103/PhysRevLett.33.1406},
	Issue = {23},
	Journal = {Phys. Rev. Lett.},
	Keywords = {heavy quarks, charm, jpsi},
	Numpages = {0},
	Pages = {1406--1408},
	Publisher = {American Physical Society},
	Title = {Discovery of a Narrow Resonance in ${e}^{+}{e}^{-}$ Annihilation},
	Volume = {33},
	Year = {1974},
	Bdsk-Url-1 = {http://link.aps.org/doi/10.1103/PhysRevLett.33.1406},
	Bdsk-Url-2 = {http://dx.doi.org/10.1103/PhysRevLett.33.1406}}

@article{Ting:1974,
	Author = {Aubert, J. J. and others},
	Date-Added = {2016-07-13 18:58:13 +0000},
	Date-Modified = {2016-07-20 21:26:28 +0000},
	Doi = {10.1103/PhysRevLett.33.1404},
	Issue = {23},
	Journal = {Phys. Rev. Lett.},
	Keywords = {heavy quarks, jpsi, charm},
	Numpages = {0},
	Pages = {1404--1406},
	Publisher = {American Physical Society},
	Title = {Experimental Observation of a Heavy Particle {$J$}},
	Volume = {33},
	Year = {1974},
	Bdsk-Url-1 = {http://link.aps.org/doi/10.1103/PhysRevLett.33.1404},
	Bdsk-Url-2 = {http://dx.doi.org/10.1103/PhysRevLett.33.1404}}

@proceedings{Connors:2014,
	Archiveprefix = {arXiv},
	Author = {Connors, Megan},
	Collaboration = {for the ALICE Collaboration},
	Date-Added = {2014-09-14 00:19:43 +0000},
	Date-Modified = {2014-09-14 00:19:43 +0000},
	Eprint = {1409.3468},
	Keywords = {LHC, ALICE, pPb, jets},
	Title = {{Inclusive jet spectra in p--Pb collisions at ALICE}},
	Year = {2014}}

@article{Poskanzer:1998,
	Author = {Poskanzer, A. M. and Voloshin, S. A.},
	Date-Added = {2014-07-23 02:45:08 +0000},
	Date-Modified = {2014-07-23 02:45:08 +0000},
	Doi = {10.1103/PhysRevC.58.1671},
	Issue = {3},
	Journal = {Phys. Rev. C},
	Keywords = {flow, v2},
	Month = {Sep},
	Numpages = {0},
	Pages = {1671--1678},
	Publisher = {American Physical Society},
	Title = {Methods for analyzing anisotropic flow in relativistic nuclear collisions},
	Url = {http://link.aps.org/doi/10.1103/PhysRevC.58.1671},
	Volume = {58},
	Year = {1998},
	Bdsk-Url-1 = {http://link.aps.org/doi/10.1103/PhysRevC.58.1671},
	Bdsk-Url-2 = {http://dx.doi.org/10.1103/PhysRevC.58.1671}}

@proceedings{Reed:2013,
	Abstract = {Measurements of the suppression of high- p T particles and the away-side jets from heavy-ion collisions at RHIC have shown that medium-induced energy loss affects partons produced in the early stage of a heavy-ion collision. At LHC energies the initial production cross-section is much higher, which allows jets to be reconstructed with a wide kinematic range. Measuring fully reconstructed jets by taking advantage of the ALICE Electromagnetic Calorimeter allows for a more differential investigation of the parton energy loss. Parton energy loss will allow us to access key observables of the hot, dense matter created in heavy ion collisions. The data presented was collected during the 2.76 TeV Pb-Pb runs, as well as baseline measurements from the 2.76 TeV pp run. The procedures used to reconstruct jets and extract them from a fluctuating background will be discussed. The procedure for quantifying the background with a limited acceptance will also be discussed. These results are compared to pp measurements and simulations.},
	Archiveprefix = {arXiv},
	Author = {Rosi Reed},
	Collaboration = {for the ALICE Collaboration},
	Date-Added = {2014-07-07 21:25:59 +0000},
	Date-Modified = {2014-07-07 22:13:15 +0000},
	Eprint = {1304.5945},
	Journal = {Journal of Physics: Conference Series},
	Keywords = {LHC, ALICE, QGP, jets, jet quenching},
	Pages = {012006},
	Title = {{Full Jet Reconstruction in 2.76 TeV pp and Pb-Pb collisions in the ALICE experiment}},
	Url = {http://stacks.iop.org/1742-6596/446/i=1/a=012006},
	Volume = {446},
	Year = {2013},
	Bdsk-Url-1 = {http://stacks.iop.org/1742-6596/446/i=1/a=012006}}

@article{Aiola:2013,
	Abstract = {Reconstruction of jets in high-energy heavy-ion collisions is challenging due to the large and fluctuating background coming from the underlying event. We report results on full jet reconstruction, obtained from data collected in 2011 by the ALICE detector at LHC for Pb-Pb collisions at ##IMG## [http://ej.iop.org/images/1742-6596/446/1/012005/jpconf13_446_012005_eqn002.gif] = 2.76 TeV. The analysis makes use of the tracking system and the electromagnetic calorimeter. Signal jets, which come from hard scattered partons, are reconstructed using the anti- k T jet finder algorithm. The average background is subtracted on a jet-by-jet basis to reduce the contribution to the jet reconstructed energy coming from the underlying event. The jet spectrum is corrected to account for fluctuations in the background momentum density and detector effects through unfolding.},
	Archiveprefix = {arXiv},
	Author = {{S. Aiola (for the ALICE Collaboration)}},
	Date-Added = {2014-07-07 21:22:09 +0000},
	Date-Modified = {2016-07-21 19:10:05 +0000},
	Doi = {10.1088/1742-6596/446/1/012005},
	Eprint = {1304.6668},
	Journal = {Journal of Physics: Conference Series},
	Keywords = {LHC, ALICE, QGP, jets, jet quenching},
	Note = {Hot Quarks 2013, a workshop for young scientists on the physics of ultrarelativistic nucleus-nucleus collisions},
	Pages = {012005},
	Primaryclass = {nucl-ex},
	Title = {{Measurement of jet $p_{\mathrm{T}}$ spectra in Pb--Pb collisions at $\sqrt{s_{\rm{NN}}}=2.76$ TeV with the ALICE detector at the LHC}},
	Volume = {446},
	Year = {2013},
	Bdsk-Url-1 = {http://stacks.iop.org/1742-6596/446/i=1/a=012005}}

@article{ALICE:2010e,
	Archiveprefix = {arXiv},
	Author = {Aamodt, K and others},
	Collaboration = {ALICE},
	Date-Added = {2014-07-07 20:18:17 +0000},
	Date-Modified = {2014-07-07 20:19:13 +0000},
	Doi = {10.1103/PhysRevLett.105.252301},
	Eprint = {1011.3916},
	Journal = {Phys.Rev.Lett.},
	Keywords = {LHC, ALICE, QGP},
	Pages = {252301},
	Primaryclass = {nucl-ex},
	Slaccitation = {%%CITATION = ARXIV:1011.3916;%%},
	Title = {{Charged-particle multiplicity density at mid-rapidity in central Pb--Pb collisions at $\sqrt{s_{\mathrm{NN}}}=2.76$ {TeV}}},
	Volume = {105},
	Year = {2010},
	Bdsk-Url-1 = {http://dx.doi.org/10.1103/PhysRevLett.105.252301}}

@article{CMS:2014d,
	Archiveprefix = {arXiv},
	Author = {Chatrchyan, S. and others},
	Date-Added = {2014-07-07 20:13:49 +0000},
	Date-Modified = {2016-07-21 17:45:52 +0000},
	Doi = {10.1007/JHEP02(2014)088},
	Eid = {88},
	Eprint = {1312.1845},
	Journal = {Journal of High Energy Physics},
	Keywords = {LHC, CMS, QGP, hadrons, correlations},
	Language = {English},
	Number = {2},
	Primaryclass = {nucl-ex},
	Publisher = {Springer Berlin Heidelberg},
	Title = {{Studies of azimuthal dihadron correlations in ultra-central Pb--Pb collisions at $\sqrt{s_{\mathrm{NN}}} =2.76$ TeV}},
	Url = {http://dx.doi.org/10.1007/JHEP02%282014%29088},
	Volume = {2014},
	Year = {2014},
	Bdsk-Url-1 = {http://dx.doi.org/10.1007/JHEP02%282014%29088},
	Bdsk-Url-2 = {http://dx.doi.org/10.1007/JHEP02(2014)088}}

@article{CMS:2013e,
	Archiveprefix = {arXiv},
	Author = {Chatrchyan, S. and others},
	Collaboration = {CMS},
	Date-Added = {2014-07-07 20:10:32 +0000},
	Date-Modified = {2016-07-21 17:43:43 +0000},
	Doi = {10.1103/PhysRevLett.110.042301},
	Eprint = {1208.2470},
	Issue = {4},
	Journal = {Phys. Rev. Lett.},
	Keywords = {LHC, CMS, QGP, hadrons, flow},
	Numpages = {15},
	Pages = {042301},
	Primaryclass = {nucl-ex},
	Publisher = {American Physical Society},
	Title = {Measurement of the Azimuthal Anisotropy of Neutral Pions in Pb-Pb Collisions at $\sqrt{{s}_{NN}}\mathbf{=}2.76\text{\,}\text{\,}\mathrm{TeV}$},
	Url = {http://link.aps.org/doi/10.1103/PhysRevLett.110.042301},
	Volume = {110},
	Year = {2013},
	Bdsk-Url-1 = {http://link.aps.org/doi/10.1103/PhysRevLett.110.042301},
	Bdsk-Url-2 = {http://dx.doi.org/10.1103/PhysRevLett.110.042301}}

@article{CMS:2013d,
	Archiveprefix = {arXiv},
	Author = {Chatrchyan, S. and others},
	Collaboration = {CMS},
	Date-Added = {2014-07-07 20:09:22 +0000},
	Date-Modified = {2016-07-21 18:42:41 +0000},
	Doi = {10.1103/PhysRevC.87.014902},
	Eprint = {1204.1409},
	Issue = {1},
	Journal = {Phys. Rev. C},
	Keywords = {LHC, CMS, QGP, hadrons, flow, v2},
	Numpages = {34},
	Pages = {014902},
	Primaryclass = {nucl-ex},
	Publisher = {American Physical Society},
	Title = {{Measurement of the elliptic anisotropy of charged particles produced in PbPb collisions at $\sqrt{{s}_{\mathrm{NN}}}=2.76$ TeV}},
	Volume = {87},
	Year = {2013},
	Bdsk-Url-1 = {http://link.aps.org/doi/10.1103/PhysRevC.87.014902},
	Bdsk-Url-2 = {http://dx.doi.org/10.1103/PhysRevC.87.014902}}

@article{ATLAS:2012c,
	Archiveprefix = {arXiv},
	Author = {Aad, Georges and others},
	Collaboration = {ATLAS Collaboration},
	Date-Added = {2014-07-07 20:02:20 +0000},
	Date-Modified = {2014-07-07 20:03:10 +0000},
	Doi = {10.1103/PhysRevC.86.014907},
	Eprint = {1203.3087},
	Journal = {Phys.Rev.},
	Keywords = {LHC, ATLAS, QGP, hadrons, flow},
	Pages = {014907},
	Primaryclass = {hep-ex},
	Reportnumber = {CERN-PH-EP-2012-035},
	Slaccitation = {%%CITATION = ARXIV:1203.3087;%%},
	Title = {{Measurement of the azimuthal anisotropy for charged particle production in $\sqrt{s_{\mathrm{NN}}}=2.76$ TeV lead-lead collisions with the ATLAS detector}},
	Volume = {C86},
	Year = {2012},
	Bdsk-Url-1 = {http://dx.doi.org/10.1103/PhysRevC.86.014907}}

@article{ATLAS:2013c,
	Archiveprefix = {arXiv},
	Author = {Aad, Georges and others},
	Collaboration = {ATLAS},
	Date-Added = {2014-07-07 19:54:27 +0000},
	Date-Modified = {2016-07-20 21:25:35 +0000},
	Doi = {10.1007/JHEP11(2013)183},
	Eprint = {1305.2942},
	Journal = {JHEP},
	Keywords = {LHC, ATLAS, QGP, vn},
	Pages = {183},
	Primaryclass = {hep-ex},
	Reportnumber = {CERN-PH-EP-2013-04, CERN-PH-EP-2013-04},
	Slaccitation = {%%CITATION = ARXIV:1305.2942;%%},
	Title = {{Measurement of the distributions of event-by-event flow harmonics in lead-lead collisions at $\sqrt{s_{\mathrm{NN}}}=2.76$ TeV with the ATLAS detector at the LHC}},
	Volume = {1311},
	Year = {2013},
	Bdsk-Url-1 = {http://dx.doi.org/10.1007/JHEP11(2013)183}}

@article{ATLAS:2014c,
	Archiveprefix = {arXiv},
	Author = {Aad, Georges and others},
	Collaboration = {ATLAS},
	Date-Added = {2014-07-07 19:53:21 +0000},
	Date-Modified = {2014-07-07 19:54:19 +0000},
	Eprint = {1403.0489},
	Keywords = {LHC, ATLAS, QGP, hadrons, correlations},
	Primaryclass = {hep-ex},
	Reportnumber = {CERN-PH-EP-2014-021},
	Slaccitation = {%%CITATION = ARXIV:1403.0489;%%},
	Title = {{Measurement of event-plane correlations in $\sqrt{s_{NN}}$=2.76 TeV lead-lead collisions with the ATLAS detector}},
	Year = {2014},
	Bdsk-Url-1 = {http://inspirehep.net/record/1283339}}

@article{ATLAS:2014b,
	Archiveprefix = {arXiv},
	Author = {Aad, Georges and others},
	Collaboration = {ATLAS},
	Date-Added = {2014-07-07 19:49:33 +0000},
	Date-Modified = {2014-07-07 19:54:22 +0000},
	Eprint = {1405.3936},
	Keywords = {LHC, ATLAS, QGP, flow, v2},
	Primaryclass = {hep-ex},
	Reportnumber = {CERN-PH-EP-2014-065},
	Slaccitation = {%%CITATION = ARXIV:1405.3936;%%},
	Title = {{Measurement of the centrality and pseudorapidity dependence of the integrated elliptic flow in lead-lead collisions at $\sqrt{s_{\mathrm{NN}}}=2.76 TeV with the ATLAS detector}},
	Year = {2014},
	Bdsk-Url-1 = {http://inspirehep.net/record/1296260}}

@proceedings{Haake:2013,
	Archiveprefix = {arXiv},
	Author = {Haake, R{\"u}diger},
	Collaboration = {for the ALICE Collaboration},
	Date-Added = {2014-07-07 17:04:28 +0000},
	Date-Modified = {2014-07-07 19:28:32 +0000},
	Eprint = {1310.3612},
	Journal = {PoS},
	Keywords = {LHC, ALICE, pPb, jets},
	Pages = {176},
	Primaryclass = {nucl-ex},
	Slaccitation = {%%CITATION = ARXIV:1310.3612;%%},
	Title = {{Charged Jets in Minimum Bias p-Pb Collisions at $\sqrt{{s}_{\mathrm{NN}}} = 5.02$ TeV with ALICE}},
	Volume = {EPS-HEP2013},
	Year = {2014},
	Bdsk-Url-1 = {http://inspirehep.net/record/1258448}}

@article{Bhattacharya:2014,
	Archiveprefix = {arXiv},
	Author = {Bhattacharya, Tanmoy and Buchoff, Michael I. and Christ, Norman H. and Ding, H. -T. and Gupta, Rajan and others},
	Date-Added = {2014-07-07 16:50:41 +0000},
	Date-Modified = {2014-07-07 19:19:04 +0000},
	Eprint = {1402.5175},
	Keywords = {QCD, QGP, theory},
	Primaryclass = {hep-lat},
	Reportnumber = {BNL-103837-2014-JA, CU-TP-1205, INT-PUB-14-003, LLNL-JRNL-650194},
	Slaccitation = {%%CITATION = ARXIV:1402.5175;%%},
	Title = {{The {QCD} phase transition with physical-mass, chiral quarks}},
	Year = {2014}}

@article{CMS:2014a,
	Archiveprefix = {arXiv},
	Author = {Chatrchyan, Serguei and others},
	Collaboration = {CMS},
	Date-Added = {2014-07-07 16:50:37 +0000},
	Date-Modified = {2014-07-07 20:12:05 +0000},
	Doi = {10.1103/PhysRevC.89.044906},
	Eprint = {1310.8651},
	Journal = {Phys.Rev.},
	Keywords = {LHC, CMS, QGP, hadrons, flow, vn},
	Pages = {044906},
	Primaryclass = {nucl-ex},
	Reportnumber = {CMS-HIN-11-005, CERN-PH-EP-2013-196},
	Slaccitation = {%%CITATION = ARXIV:1310.8651;%%},
	Title = {{Measurement of higher-order harmonic azimuthal anisotropy in PbPb collisions at $\sqrt{s_{\mathrm{NN}}}=2.76$ TeV}},
	Volume = {C89},
	Year = {2014},
	Bdsk-Url-1 = {http://dx.doi.org/10.1103/PhysRevC.89.044906}}

@article{ATLAS:2014a,
	Archiveprefix = {arXiv},
	Author = {Aad, G. and others},
	Collaboration = {ATLAS},
	Date-Added = {2014-07-07 16:50:32 +0000},
	Date-Modified = {2014-07-07 19:17:37 +0000},
	Eprint = {1406.2979},
	Keywords = {LHC, ATLAS, QGP, jets, jet quenching},
	Primaryclass = {hep-ex},
	Reportnumber = {CERN-PH-EP-2014-101},
	Slaccitation = {%%CITATION = ARXIV:1406.2979;%%},
	Title = {{Measurement of inclusive jet charged-particle fragmentation functions in Pb+Pb collisions at $\sqrt{s_{\mathrm{NN}}}=2.76$ TeV with the ATLAS detector}},
	Year = {2014}}

@article{CMS:2014b,
	Archiveprefix = {arXiv},
	Author = {Chatrchyan, Serguei and others},
	Collaboration = {CMS},
	Date-Added = {2014-07-07 16:50:28 +0000},
	Date-Modified = {2016-07-21 17:45:05 +0000},
	Doi = {10.1103/PhysRevC.90.024908},
	Eprint = {1406.0932},
	Issue = {2},
	Journal = {Phys. Rev. C},
	Keywords = {LHC, CMS, QGP, jets, jet quenching},
	Pages = {024908},
	Primaryclass = {nucl-ex},
	Publisher = {American Physical Society},
	Reportnumber = {CMS-HIN-12-013, CERN-PH-EP-2014-100},
	Slaccitation = {%%CITATION = ARXIV:1406.0932;%%},
	Title = {{Measurement of jet fragmentation in PbPb and pp collisions at $\sqrt{s_{\mathrm{NN}}}=2.76$ TeV}},
	Volume = {90},
	Year = {2014},
	Bdsk-Url-1 = {http://dx.doi.org/10.1103/PhysRevC.90.024908}}

@article{Mehtar-Tani:2014,
	Archiveprefix = {arXiv},
	Author = {Mehtar-Tani, Yacine and Tywoniuk, Konrad},
	Date-Added = {2014-07-07 16:50:22 +0000},
	Date-Modified = {2014-07-07 19:29:16 +0000},
	Eprint = {1401.8293},
	Keywords = {theory, QGP, jets},
	Primaryclass = {hep-ph},
	Slaccitation = {%%CITATION = ARXIV:1401.8293;%%},
	Title = {{Jet (de)coherence in Pb-Pb collisions at the LHC}},
	Year = {2014}}

@article{ALICE:2013a,
	Archiveprefix = {arXiv},
	Author = {Abelev, Betty and others},
	Collaboration = {ALICE},
	Date-Added = {2014-07-07 16:50:18 +0000},
	Date-Modified = {2016-11-14 16:41:44 +0000},
	Doi = {10.1016/j.physletb.2013.01.051},
	Eprint = {1208.2711},
	Journal = {Phys.Lett.},
	Keywords = {LHC, ALICE, QGP, hadrons},
	Pages = {52-62},
	Primaryclass = {hep-ex},
	Section = {B},
	Slaccitation = {%%CITATION = ARXIV:1208.2711;%%},
	Title = {{Centrality Dependence of Charged Particle Production at Large Transverse Momentum in Pb--Pb Collisions at $\snn=2.76$ TeV}},
	Volume = {B720},
	Year = {2013},
	Bdsk-Url-1 = {http://dx.doi.org/10.1016/j.physletb.2013.01.051}}

@article{ALICE:2013b,
	Archiveprefix = {arXiv},
	Author = {Abelev, Betty and others},
	Collaboration = {ALICE},
	Date-Added = {2014-07-07 16:50:12 +0000},
	Date-Modified = {2016-07-21 00:23:00 +0000},
	Doi = {10.1103/PhysRevC.88.044909},
	Eprint = {1301.4361},
	Journal = {Phys.Rev.},
	Keywords = {LHC, ALICE},
	Number = {4},
	Pages = {044909},
	Primaryclass = {nucl-ex},
	Reportnumber = {CERN-PH-EP-2012-368},
	Slaccitation = {%%CITATION = ARXIV:1301.4361;%%},
	Title = {{Centrality determination of Pb--Pb collisions at $\sqrt{s_{\mathrm{NN}}}=2.76$ TeV with ALICE}},
	Volume = {C88},
	Year = {2013},
	Bdsk-Url-1 = {http://dx.doi.org/10.1103/PhysRevC.88.044909}}

@article{Renk:2013,
	Archiveprefix = {arXiv},
	Author = {Renk, Thorsten},
	Date-Added = {2014-07-07 16:49:23 +0000},
	Date-Modified = {2014-07-07 19:31:51 +0000},
	Doi = {10.1103/PhysRevC.88.014905},
	Eprint = {1302.3710},
	Journal = {Phys.Rev.},
	Keywords = {QGP, theory, jets, jet quenching},
	Number = {1},
	Pages = {014905},
	Primaryclass = {hep-ph},
	Slaccitation = {%%CITATION = ARXIV:1302.3710;%%},
	Title = {{Physics probed by the $P_T$ dependence of the nuclear suppression factor}},
	Volume = {C88},
	Year = {2013},
	Bdsk-Url-1 = {http://dx.doi.org/10.1103/PhysRevC.88.014905}}

@article{Zapp:2014,
	Archiveprefix = {arXiv},
	Author = {Zapp, Korinna C.},
	Date-Added = {2014-07-07 16:49:18 +0000},
	Date-Modified = {2014-07-13 23:20:25 +0000},
	Doi = {10.1016/j.physletb.2014.06.020},
	Eprint = {1312.5536},
	Journal = {Physics Letters B},
	Keywords = {QGP, jets, jet quenching, theory},
	Pages = {157 - 163},
	Primaryclass = {hep-ph},
	Reportnumber = {CERN-PH-TH-2013-314, MCNET-13-19},
	Slaccitation = {%%CITATION = ARXIV:1312.5536;%%},
	Title = {{Geometrical aspects of jet quenching in JEWEL}},
	Volume = {735},
	Year = {2014},
	Bdsk-Url-1 = {http://dx.doi.org/10.1016/j.physletb.2014.06.020}}

@article{DeBarros:2012,
	Archiveprefix = {arXiv},
	Author = {de Barros, G.O.V. and Fenton-Olsen, Bo and Jacobs, Peter and Ploskon, Mateusz},
	Date-Added = {2014-07-07 16:49:14 +0000},
	Date-Modified = {2014-07-07 19:28:02 +0000},
	Doi = {10.1016/j.nuclphysa.2012.12.019},
	Eprint = {1208.1518},
	Journal = {Nucl.Phys.},
	Keywords = {jets, jet finding},
	Pages = {314-318},
	Primaryclass = {hep-ex},
	Slaccitation = {%%CITATION = ARXIV:1208.1518;%%},
	Title = {{Data-driven analysis methods for the measurement of reconstructed jets in heavy ion collisions at RHIC and LHC}},
	Volume = {A910-911},
	Year = {2013},
	Bdsk-Url-1 = {http://dx.doi.org/10.1016/j.nuclphysa.2012.12.019}}

@techreport{ATLAS-CONF:2012c,
	Collaboration = {ATLAS},
	Date-Added = {2014-07-07 16:49:11 +0000},
	Date-Modified = {2016-07-21 18:18:11 +0000},
	Institution = {CERN},
	Keywords = {LHC, ATLAS, QGP, jets, jet quenching, correlations, photons},
	Reportnumber = {ATLAS-CONF-2012-121},
	Title = {{Measurement of the correlation of jets with high-$p_{\mathrm{T}}$ isolated prompt photons in lead-lead collisions at $\sqrt{s_{\mathrm{NN}}}=2.76$ TeV with the ATLAS detector at the LHC}},
	Url = {https://cdsweb.cern.ch/record/1473135},
	Year = {2012},
	Bdsk-Url-1 = {https://cdsweb.cern.ch/record/1473135}}

@techreport{ATLAS-CONF:2012b,
	Collaboration = {ATLAS},
	Date-Added = {2014-07-07 16:48:56 +0000},
	Date-Modified = {2016-07-21 18:16:51 +0000},
	Institution = {CERN},
	Keywords = {LHC, ATLAS, QGP, hadrons},
	Reportnumber = {ATLAS-CONF-2012-120},
	Title = {{Measurement of the charged particle spectra in Pb--Pb collisions at $\sqrt{s_{\mathrm{NN}}}=2.76$ TeV with the ATLAS detector at the LHC}},
	Url = {http://cds.cern.ch/record/1473095},
	Year = {2012},
	Bdsk-Url-1 = {http://cds.cern.ch/record/1473095}}

@article{ATLAS:2012a,
	Archiveprefix = {arXiv},
	Author = {Aad, Georges and others},
	Collaboration = {ATLAS},
	Date-Added = {2014-07-07 16:48:22 +0000},
	Date-Modified = {2014-07-07 19:16:13 +0000},
	Doi = {10.1016/j.physletb.2011.12.056},
	Eprint = {1108.6018},
	Journal = {Phys.Lett.},
	Keywords = {LHC, ATLAS, QGP, flow, v2},
	Pages = {330-348},
	Primaryclass = {hep-ex},
	Reportnumber = {CERN-PH-EP-2011-124},
	Slaccitation = {%%CITATION = ARXIV:1108.6018;%%},
	Title = {{Measurement of the pseudorapidity and transverse momentum dependence of the elliptic flow of charged particles in lead-lead collisions at $\sqrt{s_{\mathrm{NN}}}=2.76$ TeV with the ATLAS detector}},
	Volume = {B707},
	Year = {2012},
	Bdsk-Url-1 = {http://dx.doi.org/10.1016/j.physletb.2011.12.056}}

@article{ALICE:2012b,
	Archiveprefix = {arXiv},
	Author = {Aamodt, K. and others},
	Collaboration = {ALICE},
	Date-Added = {2014-07-07 16:48:19 +0000},
	Date-Modified = {2014-07-07 20:28:39 +0000},
	Doi = {10.1103/PhysRevLett.108.092301},
	Eprint = {1110.0121},
	Journal = {Phys.Rev.Lett.},
	Keywords = {LHC, ALICE, QGP, jets, jet quenching, hadrons, correlations},
	Pages = {092301},
	Primaryclass = {nucl-ex},
	Reportnumber = {CERN-PH-EP-2011-161},
	Slaccitation = {%%CITATION = ARXIV:1110.0121;%%},
	Title = {{Particle-yield modification in jet-like azimuthal di-hadron correlations in Pb--Pb collisions at $\sqrt{s_{\mathrm{NN}}}=2.76$ TeV}},
	Volume = {108},
	Year = {2012},
	Bdsk-Url-1 = {http://dx.doi.org/10.1103/PhysRevLett.108.092301}}

@article{Cacciari:2012,
	Archiveprefix = {arXiv},
	Author = {Cacciari, Matteo and Salam, Gavin P. and Soyez, Gregory},
	Date-Added = {2014-07-07 16:48:02 +0000},
	Date-Modified = {2014-07-07 19:22:01 +0000},
	Doi = {10.1140/epjc/s10052-012-1896-2},
	Eprint = {1111.6097},
	Journal = {Eur.Phys.J.},
	Keywords = {jets, jet finding},
	Pages = {1896},
	Primaryclass = {hep-ph},
	Reportnumber = {CERN-PH-TH-2011-297},
	Slaccitation = {%%CITATION = ARXIV:1111.6097;%%},
	Title = {{FastJet User Manual}},
	Volume = {C72},
	Year = {2012},
	Bdsk-Url-1 = {http://dx.doi.org/10.1140/epjc/s10052-012-1896-2}}

@article{ALICE:2011a,
	Archiveprefix = {arXiv},
	Author = {Aamodt, K. and others},
	Collaboration = {ALICE},
	Date-Added = {2014-07-07 16:47:56 +0000},
	Date-Modified = {2014-07-07 19:07:41 +0000},
	Doi = {10.1103/PhysRevLett.107.032301},
	Eprint = {1105.3865},
	Journal = {Phys.Rev.Lett.},
	Keywords = {LHC, ALICE, QGP, flow, vn},
	Pages = {032301},
	Primaryclass = {nucl-ex},
	Reportnumber = {CERN-PH-EP-2011-073},
	Slaccitation = {%%CITATION = ARXIV:1105.3865;%%},
	Title = {{Higher harmonic anisotropic flow measurements of charged particles in Pb--Pb collisions at $\sqrt{s_{\mathrm{NN}}}=2.76$ {TeV}}},
	Volume = {107},
	Year = {2011},
	Bdsk-Url-1 = {http://dx.doi.org/10.1103/PhysRevLett.107.032301}}

@article{ALICE:2011b,
	Archiveprefix = {arXiv},
	Author = {Aamodt, K. and others},
	Collaboration = {ALICE},
	Date-Added = {2014-07-07 16:47:44 +0000},
	Date-Modified = {2014-07-07 19:07:25 +0000},
	Doi = {10.1016/j.physletb.2010.12.053},
	Eprint = {1012.4035},
	Journal = {Phys.Lett.},
	Keywords = {LHC, ALICE, QGP, hadrons, correlations},
	Pages = {328-337},
	Primaryclass = {nucl-ex},
	Reportnumber = {CERN-PH-EP-ALICE-2010-006},
	Slaccitation = {%%CITATION = ARXIV:1012.4035;%%},
	Title = {{Two-pion Bose-Einstein correlations in central Pb--Pb collisions at $\sqrt{s_{\mathrm{NN}}}=2.76$ TeV}},
	Volume = {B696},
	Year = {2011},
	Bdsk-Url-1 = {http://dx.doi.org/10.1016/j.physletb.2010.12.053}}

@article{CMS:2011a,
	Archiveprefix = {arXiv},
	Author = {Chatrchyan, Serguei and others},
	Collaboration = {CMS},
	Date-Added = {2014-07-07 16:47:40 +0000},
	Date-Modified = {2014-07-07 20:38:49 +0000},
	Doi = {10.1007/JHEP08(2011)141},
	Eprint = {1107.4800},
	Journal = {JHEP},
	Keywords = {LHC, CMS, QGP, hadrons},
	Pages = {141},
	Primaryclass = {nucl-ex},
	Reportnumber = {CERN-PH-EP-2011-092, CMS-HIN-10-001},
	Slaccitation = {%%CITATION = ARXIV:1107.4800;%%},
	Title = {{Dependence on pseudorapidity and centrality of charged hadron production in Pb--Pb collisions at a nucleon-nucleon centre-of-mass energy of 2.76 TeV}},
	Volume = {1108},
	Year = {2011},
	Bdsk-Url-1 = {http://dx.doi.org/10.1007/JHEP08(2011)141}}

@article{ALICE:2010c,
	Archiveprefix = {arXiv},
	Author = {Aamodt, Kenneth and others},
	Collaboration = {ALICE},
	Date-Added = {2014-07-07 16:47:32 +0000},
	Date-Modified = {2014-07-07 20:20:02 +0000},
	Doi = {10.1103/PhysRevLett.106.032301},
	Eprint = {1012.1657},
	Journal = {Phys.Rev.Lett.},
	Keywords = {LHC, ALICE, QGP},
	Pages = {032301},
	Primaryclass = {nucl-ex},
	Slaccitation = {%%CITATION = ARXIV:1012.1657;%%},
	Title = {{Centrality dependence of the charged-particle multiplicity density at mid-rapidity in Pb--Pb collisions at $\sqrt{s_{\rm{NN}}}=2.76$ TeV}},
	Volume = {106},
	Year = {2011},
	Bdsk-Url-1 = {http://dx.doi.org/10.1103/PhysRevLett.106.032301}}

@article{PHENIX:2008c,
	Archiveprefix = {arXiv},
	Author = {Adare, A. and others},
	Collaboration = {PHENIX},
	Date-Added = {2014-07-07 14:25:36 +0000},
	Date-Modified = {2014-07-07 20:40:54 +0000},
	Doi = {10.1103/PhysRevC.77.064907},
	Eprint = {0801.1665},
	Journal = {Phys. Rev.},
	Keywords = {RHIC, PHENIX, QGP, hadrons, jet quenching},
	Pages = {064907},
	Primaryclass = {nucl-ex},
	Slaccitation = {%%CITATION = 0801.1665;%%},
	Title = {{Quantitative constraints on the opacity of hot partonic matter from semi-inclusive single high transverse momentum pion suppression in Au+Au collisions at $\sqrt{s_{\mathrm{NN}}}=200$ GeV}},
	Volume = {C77},
	Year = {2008},
	Bdsk-Url-1 = {http://dx.doi.org/10.1103/PhysRevC.77.064907}}

@article{PHENIX:2006a,
	Archiveprefix = {arXiv},
	Author = {Adare, A. and others},
	Collaboration = {PHENIX},
	Date-Added = {2014-07-07 14:25:08 +0000},
	Date-Modified = {2014-07-07 20:32:50 +0000},
	Doi = {10.1103/PhysRevLett.98.232302},
	Eprint = {nucl-ex/0611019},
	Journal = {Phys.Rev.Lett.},
	Keywords = {RHIC, PHENIX, QGP, jets, jet quenching, hadrons, correlations},
	Pages = {232302},
	Primaryclass = {nucl-ex},
	Slaccitation = {%%CITATION = NUCL-EX/0611019;%%},
	Title = {{System Size and Energy Dependence of Jet-Induced Hadron Pair Correlation Shapes in Cu+Cu and Au+Au Collisions at $\sqrt{s_{\mathrm{NN}}}=200$ and 62.4 GeV}},
	Volume = {98},
	Year = {2007},
	Bdsk-Url-1 = {http://dx.doi.org/10.1103/PhysRevLett.98.232302}}

@article{Vitev:2005,
	Archiveprefix = {arXiv},
	Author = {Vitev, Ivan},
	Date-Added = {2014-07-07 14:23:50 +0000},
	Date-Modified = {2014-07-07 19:33:11 +0000},
	Doi = {10.1016/j.physletb.2005.09.082},
	Eprint = {hep-ph/0501255},
	Journal = {Phys.Lett.},
	Keywords = {theory, QGP, jet quenching, hadrons, correlations},
	Pages = {78-84},
	Primaryclass = {hep-ph},
	Slaccitation = {%%CITATION = HEP-PH/0501255;%%},
	Title = {{Large angle hadron correlations from medium-induced gluon radiation}},
	Volume = {B630},
	Year = {2005},
	Bdsk-Url-1 = {http://dx.doi.org/10.1016/j.physletb.2005.09.082}}

@article{PHOBOS:2005a,
	Author = {B.B. Back and others},
	Collaboration = {PHOBOS},
	Date-Added = {2014-07-07 14:23:12 +0000},
	Date-Modified = {2014-07-07 19:39:27 +0000},
	Doi = {http://dx.doi.org/10.1016/j.nuclphysa.2005.03.084},
	Issn = {0375-9474},
	Journal = {Nucl.\ Phys.},
	Keywords = {RHIC, PHOBOS, QGP},
	Number = {1-2},
	Pages = {28-101},
	Title = {The {PHOBOS} perspective on discoveries at {RHIC}},
	Volume = {A 757},
	Year = {2005},
	Bdsk-Url-1 = {http://dx.doi.org/10.1016/j.nuclphysa.2005.03.084}}

@article{BRAHMS:2005a,
	Author = {I. Arsene and others},
	Collaboration = {BRAHMS},
	Date-Added = {2014-07-07 14:22:35 +0000},
	Date-Modified = {2014-07-07 19:39:34 +0000},
	Doi = {http://dx.doi.org/10.1016/j.nuclphysa.2005.02.130},
	Issn = {0375-9474},
	Journal = {Nucl.\ Phys.},
	Keywords = {RHIC, BRAHMS, QGP},
	Number = {1-2},
	Pages = {1-27},
	Title = {{Quark--gluon plasma and color glass condensate at {RHIC}? {T}he perspective from the BRAHMS experiment}},
	Volume = {A 757},
	Year = {2005},
	Bdsk-Url-1 = {http://dx.doi.org/10.1016/j.nuclphysa.2005.02.130}}

@article{Salgado:2004,
	Archiveprefix = {arXiv},
	Author = {Salgado, Carlos A. and Wiedemann, Urs Achim},
	Date-Added = {2014-07-07 14:18:51 +0000},
	Date-Modified = {2014-07-07 18:23:21 +0000},
	Doi = {10.1103/PhysRevLett.93.042301},
	Eprint = {hep-ph/0310079},
	Journal = {Phys.Rev.Lett.},
	Keywords = {theory, QGP, jet quenching, jets},
	Pages = {042301},
	Primaryclass = {hep-ph},
	Reportnumber = {CERN-TH-2003-244},
	Slaccitation = {%%CITATION = HEP-PH/0310079;%%},
	Title = {{Medium modification of jet shapes and jet multiplicities}},
	Volume = {93},
	Year = {2004},
	Bdsk-Url-1 = {http://dx.doi.org/10.1103/PhysRevLett.93.042301}}

@article{Hocker:1995,
	Archiveprefix = {arXiv},
	Author = {Hocker, Andreas and Kartvelishvili, Vakhtang},
	Date-Added = {2014-07-07 14:06:10 +0000},
	Date-Modified = {2014-07-13 23:21:19 +0000},
	Doi = {10.1016/0168-9002(95)01478-0},
	Eprint = {hep-ph/9509307},
	Journal = {NIM},
	Keywords = {unfolding},
	Pages = {469-481},
	Primaryclass = {hep-ph},
	Reportnumber = {M-C-TH-95-15, LAL-95-55},
	Slaccitation = {%%CITATION = HEP-PH/9509307;%%},
	Title = {{SVD approach to data unfolding}},
	Volume = {A372},
	Year = {1996},
	Bdsk-Url-1 = {http://dx.doi.org/10.1016/0168-9002(95)01478-0}}

@article{Baier:1995,
	Archiveprefix = {arXiv},
	Author = {Baier, R. and Dokshitzer, Yuri L. and Peigne, S. and Schiff, D.},
	Date-Added = {2014-07-07 14:05:02 +0000},
	Date-Modified = {2014-07-07 18:19:15 +0000},
	Doi = {10.1016/0370-2693(94)01617-L},
	Eprint = {hep-ph/9411409},
	Journal = {Phys.Lett.},
	Keywords = {QGP, theory},
	Pages = {277-286},
	Primaryclass = {hep-ph},
	Reportnumber = {LU-TP-94-21, LPTHE-ORSAY-94-98, BI-TP-94-57},
	Slaccitation = {%%CITATION = HEP-PH/9411409;%%},
	Title = {{Induced gluon radiation in a QCD medium}},
	Volume = {B345},
	Year = {1995},
	Bdsk-Url-1 = {http://dx.doi.org/10.1016/0370-2693(94)01617-L}}

@article{Brun:1994,
	Author = {Brun, Rene and Carminati, Federico and Giani, Simone},
	Date-Added = {2014-07-07 14:04:32 +0000},
	Date-Modified = {2014-07-07 22:26:28 +0000},
	Journal = {CERN Program Library Long Write-up, W5013},
	Keywords = {simulations},
	Reportnumber = {CERN-W5013, CERN-W-5013},
	Slaccitation = {%%CITATION = CERN-W5013 ETC.;%%},
	Title = {{GEANT Detector Description and Simulation Tool}},
	Year = {1994}}

@article{Gyulassy:1990,
	Author = {Gyulassy, Miklos and Plumer, Michael},
	Date-Added = {2014-07-07 14:03:35 +0000},
	Date-Modified = {2014-07-07 20:28:58 +0000},
	Doi = {10.1016/0370-2693(90)91409-5},
	Journal = {Phys.Lett.},
	Keywords = {jets, jet quenching, theory, QGP},
	Pages = {432-438},
	Reportnumber = {LBL-28531},
	Slaccitation = {%%CITATION = PHLTA,B243,432;%%},
	Title = {{Jet Quenching in Dense Matter}},
	Volume = {B243},
	Year = {1990},
	Bdsk-Url-1 = {http://dx.doi.org/10.1016/0370-2693(90)91409-5}}

@article{Verkerk:1985,
	Author = {Verkerk, C.},
	Date-Added = {2014-07-07 14:02:38 +0000},
	Date-Modified = {2014-07-07 14:03:18 +0000},
	Editor = {Verkerk, C.},
	Reportnumber = {CERN-85-09, CERN-YELLOW-85-09},
	Slaccitation = {%%CITATION = CERN-85-09 ETC.;%%},
	Title = {{CERN School of Computing, Aiguablava, Spain, 9-22 Sep 1984: Proceedings}},
	Year = {1985}}

@article{CMS:2013b,
	Archiveprefix = {arXiv},
	Author = {Chatrchyan, Serguei and others},
	Collaboration = {CMS},
	Date-Added = {2014-06-16 21:58:05 +0000},
	Date-Modified = {2014-07-07 19:26:27 +0000},
	Doi = {10.1016/j.physletb.2012.11.025},
	Eprint = {1210.5482},
	Journal = {Phys.Lett.},
	Keywords = {LHC, CMS, QGP, pPb, correlations},
	Pages = {795-814},
	Primaryclass = {nucl-ex},
	Reportnumber = {CMS-HIN-12-005, CERN-PH-EP-2012-320, CMS-HIN-12-015},
	Slaccitation = {%%CITATION = ARXIV:1210.5482;%%},
	Title = {{Observation of long-range near-side angular correlations in proton-lead collisions at the LHC}},
	Volume = {B718},
	Year = {2013},
	Bdsk-Url-1 = {http://dx.doi.org/10.1016/j.physletb.2012.11.025}}

@article{ALICE:2013d,
	Archiveprefix = {arXiv},
	Author = {Abelev, Betty and others},
	Collaboration = {ALICE},
	Date-Added = {2014-06-16 21:57:00 +0000},
	Date-Modified = {2014-07-07 19:10:17 +0000},
	Doi = {10.1103/PhysRevLett.110.082302},
	Eprint = {1210.4520},
	Journal = {Phys.Rev.Lett.},
	Keywords = {LHC, ALICE, pPb, hadrons},
	Pages = {082302},
	Primaryclass = {nucl-ex},
	Reportnumber = {CERN-PH-EP-2012-306},
	Slaccitation = {%%CITATION = ARXIV:1210.4520;%%},
	Title = {{Transverse Momentum Distribution and Nuclear Modification Factor of Charged Particles in $p$-Pb Collisions at $\sqrt{s_{NN}}=5.02$ TeV}},
	Volume = {110},
	Year = {2013},
	Bdsk-Url-1 = {http://dx.doi.org/10.1103/PhysRevLett.110.082302}}

@article{ALICE:2012c,
	Archiveprefix = {arXiv},
	Author = {Abelev, Betty and others},
	Collaboration = {ALICE},
	Date-Added = {2014-06-16 21:52:57 +0000},
	Date-Modified = {2014-07-07 19:21:27 +0000},
	Doi = {10.1007/JHEP07(2012)116},
	Eprint = {1112.2082},
	Journal = {JHEP},
	Keywords = {LHC, ALICE, pp, underlying event},
	Pages = {116},
	Primaryclass = {hep-ex},
	Slaccitation = {%%CITATION = ARXIV:1112.2082;%%},
	Title = {{Underlying Event measurements in $pp$ collisions at $\sqrt{s}=0.9$ and 7 TeV with the ALICE experiment at the LHC}},
	Volume = {1207},
	Year = {2012},
	Bdsk-Url-1 = {http://dx.doi.org/10.1007/JHEP07(2012)116}}

@article{CMS:2014c,
	Archiveprefix = {arXiv},
	Author = {Chatrchyan, Serguei and others},
	Collaboration = {CMS},
	Date-Added = {2014-06-16 21:27:29 +0000},
	Date-Modified = {2014-07-07 19:27:40 +0000},
	Doi = {10.1016/j.physletb.2014.01.042},
	Eprint = {1310.0878},
	Journal = {Phys.Lett.},
	Keywords = {LHC, CMS, QGP, jets, jet quenching},
	Pages = {243-263},
	Primaryclass = {nucl-ex},
	Reportnumber = {CERN-PH-EP-2013-189, CMS-HIN-12-002},
	Slaccitation = {%%CITATION = ARXIV:1310.0878;%%},
	Title = {{Modification of jet shapes in PbPb collisions at $\sqrt{s_{NN}}=2.76$ TeV}},
	Volume = {B730},
	Year = {2014},
	Bdsk-Url-1 = {http://dx.doi.org/10.1016/j.physletb.2014.01.042}}

@article{ALICE:2014b,
	Archiveprefix = {arXiv},
	Author = {Abelev, Betty and others},
	Collaboration = {ALICE},
	Date-Added = {2014-06-16 21:27:23 +0000},
	Date-Modified = {2016-11-14 16:49:46 +0000},
	Doi = {10.1142/S0217751X14300440},
	Eprint = {1402.4476},
	Journal = {Int'l Journ. of Modern Phys.},
	Keywords = {LHC, ALICE},
	Number = {24},
	Pages = {1430044},
	Primaryclass = {nucl-ex},
	Reportnumber = {CERN-PH-EP-2014-031},
	Section = {A},
	Slaccitation = {%%CITATION = ARXIV:1402.4476;%%},
	Title = {{Performance of the ALICE Experiment at the CERN LHC}},
	Volume = {A29},
	Year = {2014},
	Bdsk-Url-1 = {http://dx.doi.org/10.1142/S0217751X14300440}}

@article{ALICE:2014a,
	Archiveprefix = {arXiv},
	Author = {Abelev, B. and others},
	Collaboration = {ALICE},
	Date-Added = {2014-06-16 21:27:20 +0000},
	Date-Modified = {2016-07-22 02:35:56 +0000},
	Doi = {10.1007/JHEP03(2014)013},
	Eprint = {1311.0633},
	Journal = {JHEP},
	Keywords = {LHC, ALICE, QGP, jets, jet quenching},
	Pages = {013},
	Primaryclass = {nucl-ex},
	Reportnumber = {CERN-PH-EP-2013-205},
	Slaccitation = {%%CITATION = ARXIV:1311.0633;%%},
	Title = {{Measurement of charged jet suppression in Pb--Pb collisions at $\sqrt{s_{\rm NN}}=2.76$ TeV}},
	Volume = {1403},
	Year = {2014},
	Bdsk-Url-1 = {http://dx.doi.org/10.1007/JHEP03(2014)013}}

@article{ALICE:2013c,
	Archiveprefix = {arXiv},
	Author = {Abelev, B. and others},
	Collaboration = {ALICE},
	Date-Added = {2014-06-16 21:27:16 +0000},
	Date-Modified = {2016-11-14 16:48:07 +0000},
	Doi = {10.1016/j.physletb.2013.04.026},
	Eprint = {1301.3475},
	Journal = {Phys. Lett.},
	Keywords = {LHC, ALICE, pp},
	Pages = {262},
	Primaryclass = {nucl-ex},
	Reportnumber = {CERN-PH-EP-2012-301},
	Section = {B},
	Slaccitation = {%%CITATION = ARXIV:1301.3475;%%},
	Title = {{Measurement of the inclusive differential jet cross section in $pp$ collisions at $\sqrt{s} = 2.76$ TeV}},
	Volume = {B722},
	Year = {2013},
	Bdsk-Url-1 = {http://dx.doi.org/10.1016/j.physletb.2013.04.026}}

@article{CMS:2013a,
	Archiveprefix = {arXiv},
	Author = {Chatrchyan, Serguei and others},
	Collaboration = {CMS},
	Date-Added = {2014-06-16 21:27:13 +0000},
	Date-Modified = {2016-07-21 17:42:24 +0000},
	Doi = {10.1103/PhysRevLett.113.132301},
	Eprint = {1312.4198},
	Issue = {13},
	Journal = {Phys. Rev. Lett.},
	Keywords = {LHC, CMS, QGP, jets, jet quenching, heavy quarks, bottom},
	Pages = {132301},
	Primaryclass = {nucl-ex},
	Publisher = {American Physical Society},
	Reportnumber = {CMS-HIN-12-003, CERN-PH-EP-2013-228},
	Slaccitation = {%%CITATION = ARXIV:1312.4198;%%},
	Title = {{Evidence of b-jet quenching in PbPb collisions at $\sqrt{s_{NN}}=2.76$ TeV}},
	Volume = {113},
	Year = {2014},
	Bdsk-Url-1 = {http://dx.doi.org/10.1103/PhysRevLett.113.132301}}

@article{CMS:2013c,
	Archiveprefix = {arXiv},
	Author = {Chatrchyan, Serguei and others},
	Collaboration = {CMS},
	Date-Added = {2014-06-16 21:27:10 +0000},
	Date-Modified = {2014-07-07 19:26:46 +0000},
	Doi = {10.1016/j.physletb.2012.11.003},
	Eprint = {1205.0206},
	Journal = {Phys.Lett.},
	Keywords = {LHC, CMS, QGP, jets, jet quenching, photons, correlations},
	Pages = {773-794},
	Primaryclass = {nucl-ex},
	Reportnumber = {CMS-HIN-11-010, CERN-PH-EP-2012-089},
	Slaccitation = {%%CITATION = ARXIV:1205.0206;%%},
	Title = {{Studies of jet quenching using isolated-photon+jet correlations in Pb--Pb and $pp$ collisions at $\sqrt{s_{NN}}=2.76$ TeV}},
	Volume = {B718},
	Year = {2013},
	Bdsk-Url-1 = {http://dx.doi.org/10.1016/j.physletb.2012.11.003}}

@article{ATLAS:2013a,
	Archiveprefix = {arXiv},
	Author = {Aad, Georges and others},
	Collaboration = {ATLAS},
	Date-Added = {2014-06-16 21:27:07 +0000},
	Date-Modified = {2014-07-07 19:16:41 +0000},
	Doi = {10.1007/JHEP11(2013)183},
	Eprint = {1305.2942},
	Journal = {JHEP},
	Keywords = {LHC, ATLAS, QGP, flow, vn},
	Pages = {183},
	Primaryclass = {hep-ex},
	Reportnumber = {CERN-PH-EP-2013-04, CERN-PH-EP-2013-04},
	Slaccitation = {%%CITATION = ARXIV:1305.2942;%%},
	Title = {{Measurement of the distributions of event-by-event flow harmonics in lead-lead collisions at $\sqrt{s_{\rm{NN}}} = 2.76 TeV with the ATLAS detector at the LHC}},
	Volume = {1311},
	Year = {2013},
	Bdsk-Url-1 = {http://dx.doi.org/10.1007/JHEP11(2013)183}}

@article{ATLAS:2013b,
	Archiveprefix = {arXiv},
	Author = {Aad, Georges and others},
	Collaboration = {ATLAS},
	Date-Added = {2014-06-16 21:27:05 +0000},
	Date-Modified = {2014-07-07 19:17:09 +0000},
	Doi = {10.1016/j.physletb.2013.01.024},
	Eprint = {1208.1967},
	Journal = {Phys.Lett.},
	Keywords = {LHC, ATLAS, QGP, jets, jet quenching},
	Pages = {220-241},
	Primaryclass = {hep-ex},
	Reportnumber = {CERN-PH-EP-2012-134},
	Slaccitation = {%%CITATION = ARXIV:1208.1967;%%},
	Title = {{Measurement of the jet radius and transverse momentum dependence of inclusive jet suppression in lead-lead collisions at $\sqrt{s_{\mathrm{NN}}}=2.76$ TeV with the ATLAS detector}},
	Volume = {B719},
	Year = {2013},
	Bdsk-Url-1 = {http://dx.doi.org/10.1016/j.physletb.2013.01.024}}

@article{CMS:2012a,
	Archiveprefix = {arXiv},
	Author = {Chatrchyan, Serguei and others},
	Collaboration = {CMS},
	Date-Added = {2014-06-16 21:26:17 +0000},
	Date-Modified = {2014-07-07 19:24:29 +0000},
	Doi = {10.1140/epjc/s10052-012-2012-3},
	Eprint = {1201.3158},
	Journal = {Eur.Phys.J.},
	Keywords = {LHC, CMS, QGP, hadrons, correlations, flow, vn},
	Pages = {2012},
	Primaryclass = {nucl-ex},
	Reportnumber = {CMS-HIN-11-006, CERN-EP-PH-2011-222},
	Slaccitation = {%%CITATION = ARXIV:1201.3158;%%},
	Title = {{Centrality dependence of dihadron correlations and azimuthal anisotropy harmonics in PbPb collisions at $\sqrt{s_{NN}}=2.76$ TeV}},
	Volume = {C72},
	Year = {2012},
	Bdsk-Url-1 = {http://dx.doi.org/10.1140/epjc/s10052-012-2012-3}}

@article{CMS:2012b,
	Archiveprefix = {arXiv},
	Author = {Chatrchyan, Serguei and others},
	Collaboration = {CMS},
	Date-Added = {2014-06-16 21:26:01 +0000},
	Date-Modified = {2016-11-14 16:37:02 +0000},
	Doi = {10.1016/j.physletb.2012.04.058},
	Eprint = {1202.5022},
	Journal = {Phys. Lett.},
	Keywords = {LHC, CMS, QGP, jets, jet quenching},
	Pages = {176-197},
	Primaryclass = {nucl-ex},
	Reportnumber = {CMS-HIN-11-013, CERN-PH-EP-2012-042},
	Section = {B},
	Slaccitation = {%%CITATION = ARXIV:1202.5022;%%},
	Title = {{Jet momentum dependence of jet quenching in Pb--Pb collisions at $\sqrt{s_{NN}}=2.76$ TeV}},
	Volume = {B712},
	Year = {2012},
	Bdsk-Url-1 = {http://dx.doi.org/10.1016/j.physletb.2012.04.058}}

@article{CMS:2012c,
	Archiveprefix = {arXiv},
	Author = {Chatrchyan, Serguei and others},
	Collaboration = {CMS},
	Date-Added = {2014-06-16 21:24:35 +0000},
	Date-Modified = {2014-07-07 19:24:52 +0000},
	Doi = {10.1007/JHEP10(2012)087},
	Eprint = {1205.5872},
	Journal = {JHEP},
	Keywords = {LHC, CMS, QGP, jets, jet quenching},
	Pages = {087},
	Primaryclass = {nucl-ex},
	Reportnumber = {CMS-HIN-11-004, CERN-PH-EP-2012-143},
	Slaccitation = {%%CITATION = ARXIV:1205.5872;%%},
	Title = {{Measurement of jet fragmentation into charged particles in $pp$ and Pb--Pb collisions at $\sqrt{s_{NN}}=2.76$ TeV}},
	Volume = {1210},
	Year = {2012},
	Bdsk-Url-1 = {http://dx.doi.org/10.1007/JHEP10(2012)087}}

@article{Braidot:2010,
	Archiveprefix = {arXiv},
	Author = {{E. Braidot for the STAR Collaboration}},
	Collaboration = {STAR},
	Date-Added = {2014-06-16 21:22:39 +0000},
	Date-Modified = {2016-07-21 23:45:34 +0000},
	Eprint = {1005.2378},
	Keywords = {RHIC, STAR, hadrons, dAu},
	Primaryclass = {hep-ph},
	Slaccitation = {%%CITATION = ARXIV:1005.2378;%%},
	Title = {{Suppression of forward pion correlations in d--Au interactions at STAR}},
	Year = {2010}}

@article{PHENIX:2009a,
	Archiveprefix = {arXiv},
	Author = {Afanasiev, S. and others},
	Collaboration = {PHENIX},
	Date-Added = {2014-06-16 21:19:54 +0000},
	Date-Modified = {2014-07-07 20:45:12 +0000},
	Doi = {10.1103/PhysRevC.80.054907},
	Eprint = {0903.4886},
	Journal = {Phys. Rev.},
	Keywords = {RHIC, PHENIX, QGP, hadrons, flow, v2},
	Pages = {054907},
	Primaryclass = {nucl-ex},
	Slaccitation = {%%CITATION = 0903.4886;%%},
	Title = {{High-$p_{\rm{T}}$ $\pi^{0}$ production with respect to the reaction plane in Au+Au collisions at $\sqrt{s_{\rm{NN}}}=200$ GeV}},
	Volume = {C80},
	Year = {2009},
	Bdsk-Url-1 = {http://dx.doi.org/10.1103/PhysRevC.80.054907}}

@article{ALICE:2010a,
	Archiveprefix = {arXiv},
	Author = {Aamodt, K. and others},
	Collaboration = {ALICE},
	Date-Added = {2014-06-16 17:36:38 +0000},
	Date-Modified = {2014-07-07 19:08:54 +0000},
	Doi = {10.1140/epjc/s10052-010-1339-x},
	Eprint = {1004.3034},
	Journal = {Eur.Phys.J.},
	Keywords = {LHC, ALICE, pp},
	Pages = {89-108},
	Primaryclass = {hep-ex},
	Slaccitation = {%%CITATION = ARXIV:1004.3034;%%},
	Title = {{Charged-particle multiplicity measurement in proton-proton collisions at $\sqrt{s}$ = 0.9 and 2.76 TeV with ALICE at LHC}},
	Volume = {C68},
	Year = {2010},
	Bdsk-Url-1 = {http://dx.doi.org/10.1140/epjc/s10052-010-1339-x}}

@article{ATLAS:2010a,
	Archiveprefix = {arXiv},
	Author = {Aad, Georges and others},
	Collaboration = {ATLAS},
	Date-Added = {2014-06-16 17:36:19 +0000},
	Date-Modified = {2014-07-07 19:15:32 +0000},
	Doi = {10.1103/PhysRevLett.105.252303},
	Eprint = {1011.6182},
	Journal = {Phys.Rev.Lett.},
	Keywords = {LHC, ATLAS, QGP, jets, jet quenching, correlations},
	Pages = {252303},
	Primaryclass = {hep-ex},
	Slaccitation = {%%CITATION = ARXIV:1011.6182;%%},
	Title = {{Observation of a centrality-dependent dijet asymmetry in Pb--Pb collisions at $\sqrt{s_{\rm{NN}}}=2.76$ TeV with the ATLAS Detector at the LHC}},
	Volume = {105},
	Year = {2010},
	Bdsk-Url-1 = {http://dx.doi.org/10.1103/PhysRevLett.105.252303}}

@article{PHENIX:2008b,
	Archiveprefix = {arXiv},
	Author = {Adare, A. and others},
	Collaboration = {PHENIX},
	Date-Added = {2014-06-16 17:35:45 +0000},
	Date-Modified = {2014-07-07 20:40:24 +0000},
	Doi = {10.1103/PhysRevLett.101.232301},
	Eprint = {0801.4020},
	Journal = {Phys. Rev. Lett.},
	Keywords = {RHIC, PHENIX, QGP, hadrons, jet quenching},
	Pages = {232301},
	Primaryclass = {nucl-ex},
	Slaccitation = {%%CITATION = 0801.4020;%%},
	Title = {{Suppression pattern of neutral pions at high transverse momentum in Au+Au collisions at $\sqrt{s_{NN}}=200$ GeV and constraints on medium transport coefficients}},
	Volume = {101},
	Year = {2008},
	Bdsk-Url-1 = {http://dx.doi.org/10.1103/PhysRevLett.101.232301}}

@article{PHENIX:2008a,
	Archiveprefix = {arXiv},
	Author = {Adare, A. and others},
	Collaboration = {PHENIX},
	Date-Added = {2014-06-16 17:35:33 +0000},
	Date-Modified = {2014-07-07 19:00:50 +0000},
	Doi = {10.1103/PhysRevC.78.014901},
	Eprint = {0801.4545},
	Journal = {Phys.Rev.},
	Keywords = {RHIC, PHENIX, QGP, hadrons, correlations},
	Pages = {014901},
	Primaryclass = {nucl-ex},
	Title = {{Dihadron azimuthal correlations in Au+Au collisions at $\sqrt{s_{\rm{NN}}} = 200$ GeV}},
	Volume = {C78},
	Year = {2008},
	Bdsk-Url-1 = {http://dx.doi.org/10.1103/PhysRevC.78.014901}}

@article{STAR:2006b,
	Archiveprefix = {arXiv},
	Author = {Adams, John and others},
	Collaboration = {STAR},
	Date-Added = {2014-06-16 17:34:39 +0000},
	Date-Modified = {2016-07-21 18:28:10 +0000},
	Doi = {10.1016/j.physletb.2006.04.032},
	Eprint = {nucl-ex/0601033},
	Journal = {Phys. Lett.},
	Keywords = {RHIC, STAR, QGP, hadrons, PID, dAu},
	Pages = {161-169},
	Primaryclass = {nucl-ex},
	Slaccitation = {%%CITATION = NUCL-EX/0601033;%%},
	Title = {{Identified hadron spectra at large transverse momentum in pp and d+Au collisions at $\sqrt{s_{\rm{NN}}}=200$ GeV}},
	Volume = {B637},
	Year = {2006},
	Bdsk-Url-1 = {http://dx.doi.org/10.1016/j.physletb.2006.04.032}}

@article{STAR:2005b,
	Archiveprefix = {arXiv},
	Author = {Adams, J. and others},
	Collaboration = {STAR},
	Date-Added = {2014-06-16 17:33:49 +0000},
	Date-Modified = {2016-07-21 18:27:09 +0000},
	Doi = {10.1103/PhysRevLett.95.152301},
	Eprint = {nucl-ex/0501016},
	Journal = {Phys.Rev.Lett.},
	Keywords = {RHIC, STAR, QGP, hadrons, jet quenching},
	Pages = {152301},
	Primaryclass = {nucl-ex},
	Slaccitation = {%%CITATION = NUCL-EX/0501016;%%},
	Title = {{Distributions of charged hadrons associated with high transverse momentum particles in pp and Au+Au collisions at $\sqrt{s_{\rm{NN}}} = 200$ GeV}},
	Volume = {95},
	Year = {2005},
	Bdsk-Url-1 = {http://dx.doi.org/10.1103/PhysRevLett.95.152301}}

@article{PHOBOS:2004a,
	Archiveprefix = {arXiv},
	Author = {Back, B.B. and others},
	Collaboration = {PHOBOS},
	Date-Added = {2014-06-16 17:33:27 +0000},
	Date-Modified = {2014-07-07 19:39:31 +0000},
	Doi = {10.1016/j.physletb.2003.10.101},
	Eprint = {nucl-ex/0302015},
	Journal = {Phys.Lett.},
	Keywords = {RHIC, PHOBOS, QGP, hadrons},
	Pages = {297-303},
	Primaryclass = {nucl-ex},
	Reportnumber = {PHOBOS-02-03},
	Slaccitation = {%%CITATION = NUCL-EX/0302015;%%},
	Title = {{Charged hadron transverse momentum distributions in Au+Au collisions at $\sqrt{s_{\rm{NN}}}=200$ GeV}},
	Volume = {B578},
	Year = {2004},
	Bdsk-Url-1 = {http://dx.doi.org/10.1016/j.physletb.2003.10.101}}

@article{PHENIX:2004a,
	Archiveprefix = {arXiv},
	Author = {Adler, Stephen Scott and others},
	Collaboration = {PHENIX},
	Date-Added = {2014-06-16 17:33:12 +0000},
	Date-Modified = {2014-07-07 20:45:09 +0000},
	Doi = {10.1103/PhysRevC.69.034910},
	Eprint = {nucl-ex/0308006},
	Journal = {Phys. Rev.},
	Keywords = {RHIC, PHENIX, QGP, hadrons, jet quenching},
	Pages = {034910},
	Slaccitation = {%%CITATION = NUCL-EX/0308006;%%},
	Title = {{High $p_{\rm{T}}$ charged hadron suppression in Au+Au collisions at $\sqrt{s_{\rm{NN}}}=200$ GeV}},
	Volume = {C69},
	Year = {2004},
	Bdsk-Url-1 = {http://dx.doi.org/10.1103/PhysRevC.69.034910}}

@article{STAR:2003b,
	Archiveprefix = {arXiv},
	Author = {Adams, J. and others},
	Collaboration = {STAR},
	Date-Added = {2014-06-16 17:31:02 +0000},
	Date-Modified = {2016-07-21 23:44:10 +0000},
	Doi = {10.1103/PhysRevLett.91.172302},
	Eprint = {nucl-ex/0305015},
	Issue = {17},
	Journal = {Phys. Rev. Lett.},
	Keywords = {RHIC, STAR, QGP, hadrons, jet quenching},
	Month = {Oct},
	Numpages = {6},
	Pages = {172302},
	Primaryclass = {nucl-ex},
	Publisher = {American Physical Society},
	Title = {{Transverse-momentum and collision-energy dependence of high-$p_{\rm{T}}$ hadron suppression in Au+Au collisions at ultrarelativistic energies}},
	Volume = {91},
	Year = {2003},
	Bdsk-Url-1 = {http://link.aps.org/doi/10.1103/PhysRevLett.91.172302},
	Bdsk-Url-2 = {http://dx.doi.org/10.1103/PhysRevLett.91.172302}}

@article{BRAHMS:2003a,
	Archiveprefix = {arXiv},
	Author = {Arsene, I. and others},
	Collaboration = {BRAHMS},
	Date-Added = {2014-06-16 17:30:58 +0000},
	Date-Modified = {2014-07-07 20:35:28 +0000},
	Doi = {10.1103/PhysRevLett.91.072305},
	Eprint = {nucl-ex/0307003},
	Journal = {Phys.Rev.Lett.},
	Keywords = {RHIC, BRAHMS, QGP, hadrons, dAu, jet quenching},
	Pages = {072305},
	Primaryclass = {nucl-ex},
	Slaccitation = {%%CITATION = NUCL-EX/0307003;%%},
	Title = {{Transverse momentum spectra in Au+Au and d+Au collisions at $\sqrt{s_{\mathrm{NN}}}=200$ GeV and the pseudorapidity dependence of high-${p_{\rm{T}}}$ suppression}},
	Volume = {91},
	Year = {2003},
	Bdsk-Url-1 = {http://dx.doi.org/10.1103/PhysRevLett.91.072305}}

@article{PHENIX:2003b,
	Archiveprefix = {arXiv},
	Author = {Adler, Stephen Scott and others},
	Collaboration = {PHENIX},
	Date-Added = {2014-06-16 17:30:49 +0000},
	Date-Modified = {2014-07-07 20:40:00 +0000},
	Doi = {10.1103/PhysRevLett.91.072301},
	Eprint = {nucl-ex/0304022},
	Journal = {Phys.Rev.Lett.},
	Keywords = {RHIC, PHENIX, QGP, hadrons, jet quenching},
	Pages = {072301},
	Slaccitation = {%%CITATION = NUCL-EX/0304022;%%},
	Title = {{Suppressed $\pi^0$ production at large transverse momentum in central Au+Au collisions at $\sqrt{s_{NN}}=200$ GeV}},
	Volume = {91},
	Year = {2003},
	Bdsk-Url-1 = {http://dx.doi.org/10.1103/PhysRevLett.91.072301}}

@article{STAR:2003c,
	Archiveprefix = {arXiv},
	Author = {Adler, C.\ and others},
	Collaboration = {STAR},
	Date-Added = {2014-06-16 17:30:42 +0000},
	Date-Modified = {2016-07-21 23:54:05 +0000},
	Doi = {10.1103/PhysRevLett.90.082302},
	Eprint = {nucl-ex/0210033},
	Journal = {Phys.Rev.Lett.},
	Keywords = {RHIC, STAR, QGP, hadrons, correlations, jet quenching},
	Pages = {082302},
	Primaryclass = {nucl-ex},
	Slaccitation = {%%CITATION = NUCL-EX/0210033;%%},
	Title = {{Disappearance of back-to-back high $p_{\rm{T}}$ hadron correlations in central Au+Au collisions at ${\sqrt{s_{\rm{NN}}}} = 200$ GeV}},
	Volume = {90},
	Year = {2003},
	Bdsk-Url-1 = {http://dx.doi.org/10.1103/PhysRevLett.90.082302}}

@article{PHENIX:2003a,
	Archiveprefix = {arXiv},
	Author = {Adcox, K. and others},
	Collaboration = {PHENIX},
	Date-Added = {2014-06-16 17:30:34 +0000},
	Date-Modified = {2014-07-07 20:39:45 +0000},
	Doi = {10.1016/S0370-2693(03)00423-4},
	Eprint = {nucl-ex/0207009},
	Journal = {Phys.Lett.},
	Keywords = {RHIC, PHENIX, QGP, hadrons, jet quenching},
	Pages = {82-92},
	Primaryclass = {nucl-ex},
	Slaccitation = {%%CITATION = NUCL-EX/0207009;%%},
	Title = {{Centrality dependence of the high-${p_{\rm{T}}}$ charged hadron suppression in Au+Au collisions at $\sqrt{s_{\rm{NN}}}=130$ GeV}},
	Volume = {B561},
	Year = {2003},
	Bdsk-Url-1 = {http://dx.doi.org/10.1016/S0370-2693(03)00423-4}}

@article{STAR:2003a,
	Archiveprefix = {arXiv},
	Author = {Adams, J. and others},
	Collaboration = {STAR},
	Date-Added = {2014-06-16 17:30:25 +0000},
	Date-Modified = {2014-07-07 20:42:10 +0000},
	Doi = {10.1103/PhysRevLett.91.072304},
	Eprint = {nucl-ex/0306024},
	Journal = {Phys.Rev.Lett.},
	Keywords = {RHIC, STAR, dAu, hadrons},
	Pages = {072304},
	Primaryclass = {nucl-ex},
	Slaccitation = {%%CITATION = NUCL-EX/0306024;%%},
	Title = {{Evidence from d+Au measurements for final state suppression of high-$p_{\mathrm{T}}$ hadrons in Au+Au collisions at RHIC}},
	Volume = {91},
	Year = {2003},
	Bdsk-Url-1 = {http://dx.doi.org/10.1103/PhysRevLett.91.072304}}

@article{PHENIX:2001a,
	Archiveprefix = {arXiv},
	Author = {Adcox, K. and others},
	Collaboration = {PHENIX},
	Date-Added = {2014-06-16 17:30:13 +0000},
	Date-Modified = {2014-07-07 20:39:27 +0000},
	Doi = {10.1103/PhysRevLett.88.022301},
	Eprint = {nucl-ex/0109003},
	Journal = {Phys.Rev.Lett.},
	Keywords = {RHIC, PHENIX, QGP, hadrons, jet quenching},
	Pages = {022301},
	Primaryclass = {nucl-ex},
	Slaccitation = {%%CITATION = NUCL-EX/0109003;%%},
	Title = {{Suppression of hadrons with large transverse momentum in central Au+Au collisions at $\sqrt{s_{NN}}=130$ GeV}},
	Volume = {88},
	Year = {2002},
	Bdsk-Url-1 = {http://dx.doi.org/10.1103/PhysRevLett.88.022301}}

@article{CMS:2012e,
	Archiveprefix = {arXiv},
	Author = {Chatrchyan, S. and others},
	Collaboration = {CMS},
	Date-Added = {2012-11-14 16:25:48 +0000},
	Date-Modified = {2016-07-21 17:39:38 +0000},
	Doi = {10.1140/epjc/s10052-012-1945-x},
	Eprint = {1202.2554},
	Issn = {1434-6044},
	Issue = {3},
	Journal = {The European Physical Journal C},
	Keywords = {LHC, CMS, QGP, hadrons, jet quenching},
	Pages = {1-22},
	Primaryclass = {nucl-ex},
	Publisher = {Springer-Verlag},
	Section = {C},
	Title = {{Study of high-$p_{\rm{T}}$ charged particle suppression in PbPb compared to pp collisions at $\sqrt{s_{\mathrm{\rm{NN}}}}=2.76~\mathrm{TeV}$}},
	Volume = {72},
	Year = {2012},
	Bdsk-Url-1 = {http://dx.doi.org/10.1140/epjc/s10052-012-1945-x}}

@article{PHENIX:2005a,
	Archiveprefix = {arXiv},
	Author = {K. Adcox and others},
	Collaboration = {PHENIX},
	Date-Added = {2012-11-11 21:04:45 +0000},
	Date-Modified = {2016-07-21 18:41:26 +0000},
	Doi = {10.1016/j.nuclphysa.2005.03.086},
	Eprint = {nucl-ex/0410003},
	Issn = {0375-9474},
	Journal = {Nuclear Physics A},
	Keywords = {RHIC, PHENIX, QGP},
	Pages = {184 - 283},
	Primaryclass = {nucl-ex},
	Section = {A},
	Title = {{Formation of dense partonic matter in relativistic nucleus-nucleus collisions at RHIC: Experimental evaluation by the PHENIX Collaboration}},
	Volume = {757},
	Year = {2005},
	Bdsk-Url-1 = {http://www.sciencedirect.com/science/article/pii/S0375947405005300},
	Bdsk-Url-2 = {http://dx.doi.org/10.1016/j.nuclphysa.2005.03.086}}

@article{STAR:2005a,
	Archiveprefix = {arXiv},
	Author = {J. Adams and others},
	Collaboration = {STAR},
	Date-Added = {2012-11-11 21:02:34 +0000},
	Date-Modified = {2016-07-21 18:26:56 +0000},
	Doi = {10.1016/j.nuclphysa.2005.03.085},
	Eprint = {nucl-ex/0501009},
	Issn = {0375-9474},
	Journal = {Nuclear Physics A},
	Keywords = {STAR, RHIC, QGP},
	Pages = {102 - 183},
	Primaryclass = {nucl-ex},
	Section = {A},
	Title = {{Experimental and theoretical challenges in the search for the quark-gluon plasma: The STAR Collaboration's critical assessment of the evidence from RHIC collisions}},
	Volume = {757},
	Year = {2005},
	Bdsk-Url-1 = {http://www.sciencedirect.com/science/article/pii/S0375947405005294},
	Bdsk-Url-2 = {http://dx.doi.org/10.1016/j.nuclphysa.2005.03.085}}

@article{ALICE:2010b,
	Archiveprefix = {arXiv},
	Author = {Aamodt, K. and others},
	Collaboration = {ALICE},
	Date-Added = {2012-11-10 15:22:14 +0000},
	Date-Modified = {2016-07-21 18:08:20 +0000},
	Doi = {10.1103/PhysRevLett.105.252302},
	Eprint = {1011.3914},
	Issue = {25},
	Journal = {Phys. Rev. Lett.},
	Keywords = {LHC, ALICE, QGP, flow, v2},
	Numpages = {11},
	Pages = {252302},
	Primaryclass = {nucl-ex},
	Publisher = {American Physical Society},
	Title = {{Elliptic Flow of Charged Particles in Pb--Pb Collisions at $\sqrt{s_{\rm{NN}}}=2.76$ TeV}},
	Volume = {105},
	Year = {2010},
	Bdsk-File-1 = {YnBsaXN0MDDUAQIDBAUGJCVYJHZlcnNpb25YJG9iamVjdHNZJGFyY2hpdmVyVCR0b3ASAAGGoKgHCBMUFRYaIVUkbnVsbNMJCgsMDxJXTlMua2V5c1pOUy5vYmplY3RzViRjbGFzc6INDoACgAOiEBGABIAFgAdccmVsYXRpdmVQYXRoWWFsaWFzRGF0YV8QNC4uLzIwMTIvZG9jdW1lbnRzL0dlbmVyYWwvUGh5c1JldkxldHQuMTA1LjI1MjMwMi5wZGbSFwsYGVdOUy5kYXRhTxECCAAAAAACCAACAAAMTWFjaW50b3NoIEhEAAAAAAAAAAAAAAAAAAAA0eA6kUgrAAAAE69dGlBoeXNSZXZMZXR0LjEwNS4yNTIzMDIucGRmAAAAAAAAAAAAAAAAAAAAAAAAAAAAAAAAAAAAAAAAAAAAAAAAAAATr5HMxC+JAAAAAAAAAAAAAQAEAAAJIAAAAAAAAAAAAAAAAAAAAAdHZW5lcmFsAAAQAAgAANHgHnEAAAARAAgAAMzEIXkAAAABACAAE69dABOvTgATr0wAE61HABN/wQAPZy4AD2buAA9mpwACAGdNYWNpbnRvc2ggSEQ6VXNlcnM6AHNhNjM5OgBEb2N1bWVudHM6AFdvcms6AEFMSUNFOgAyMDEyOgBkb2N1bWVudHM6AEdlbmVyYWw6AFBoeXNSZXZMZXR0LjEwNS4yNTIzMDIucGRmAAAOADYAGgBQAGgAeQBzAFIAZQB2AEwAZQB0AHQALgAxADAANQAuADIANQAyADMAMAAyAC4AcABkAGYADwAaAAwATQBhAGMAaQBuAHQAbwBzAGgAIABIAEQAEgBSVXNlcnMvc2E2MzkvRG9jdW1lbnRzL1dvcmsvQUxJQ0UvMjAxMi9kb2N1bWVudHMvR2VuZXJhbC9QaHlzUmV2TGV0dC4xMDUuMjUyMzAyLnBkZgATAAEvAAAVAAIADP//AACABtIbHB0eWiRjbGFzc25hbWVYJGNsYXNzZXNdTlNNdXRhYmxlRGF0YaMdHyBWTlNEYXRhWE5TT2JqZWN00hscIiNcTlNEaWN0aW9uYXJ5oiIgXxAPTlNLZXllZEFyY2hpdmVy0SYnVHJvb3SAAQAIABEAGgAjAC0AMgA3AEAARgBNAFUAYABnAGoAbABuAHEAcwB1AHcAhACOAMUAygDSAt4C4ALlAvAC+QMHAwsDEgMbAyADLQMwA0IDRQNKAAAAAAAAAgEAAAAAAAAAKAAAAAAAAAAAAAAAAAAAA0w=},
	Bdsk-Url-1 = {http://link.aps.org/doi/10.1103/PhysRevLett.105.252302},
	Bdsk-Url-2 = {http://dx.doi.org/10.1103/PhysRevLett.105.252302}}

@url{RooUnfold-url,
	Date-Added = {2012-11-09 01:23:02 +0000},
	Date-Modified = {2016-07-21 19:03:36 +0000},
	Keywords = {unfolding},
	Title = {RooUnfold},
	Url = {http://hepunx.rl.ac.uk/~adye/software/unfold/RooUnfold.html},
	Bdsk-Url-1 = {http://hepunx.rl.ac.uk/~adye/software/unfold/RooUnfold.html}}

@url{ROOT-url,
	Date-Added = {2012-11-09 01:22:11 +0000},
	Date-Modified = {2016-07-18 19:05:21 +0000},
	Keywords = {software},
	Title = {ROOT webpage, http://root.cern.ch/drupal/},
	Url = {http://root.cern.ch/drupal/},
	Bdsk-Url-1 = {http://root.cern.ch/drupal/}}

@article{Dagostini:1995,
	Author = {G. D'Agostini},
	Date-Added = {2012-11-09 01:19:50 +0000},
	Date-Modified = {2016-07-21 19:03:15 +0000},
	Doi = {10.1016/0168-9002(95)00274-X},
	Journal = {NIM},
	Keywords = {unfolding},
	Pages = {487},
	Section = {A},
	Title = {{A multidimensional unfolding method based on Bayes' theorem}},
	Volume = {362},
	Year = {1995},
	Bdsk-File-1 = {YnBsaXN0MDDUAQIDBAUGJCVYJHZlcnNpb25YJG9iamVjdHNZJGFyY2hpdmVyVCR0b3ASAAGGoKgHCBMUFRYaIVUkbnVsbNMJCgsMDxJXTlMua2V5c1pOUy5vYmplY3RzViRjbGFzc6INDoACgAOiEBGABIAFgAdccmVsYXRpdmVQYXRoWWFsaWFzRGF0YV8QPC4uLzIwMTIvZG9jdW1lbnRzL1VuZm9sZGluZy8xLXMyLjAtMDE2ODkwMDI5NTAwMjc0WC1tYWluLnBkZtIXCxgZV05TLmRhdGFPEQIkAAAAAAIkAAIAAAxNYWNpbnRvc2ggSEQAAAAAAAAAAAAAAAAAAADR4DqRSCsAAAATr7cfMS1zMi4wLTAxNjg5MDAyOTUwMDIjMTNBRkJBLnBkZgAAAAAAAAAAAAAAAAAAAAAAAAAAAAAAAAAAAAAAAAAAABOvusyTKhIAAAAAAAAAAAABAAQAAAkgAAAAAAAAAAAAAAAAAAAACVVuZm9sZGluZwAAEAAIAADR4B5xAAAAEQAIAADMkw3yAAAAAQAgABOvtwATr04AE69MABOtRwATf8EAD2cuAA9m7gAPZqcAAgBuTWFjaW50b3NoIEhEOlVzZXJzOgBzYTYzOToARG9jdW1lbnRzOgBXb3JrOgBBTElDRToAMjAxMjoAZG9jdW1lbnRzOgBVbmZvbGRpbmc6ADEtczIuMC0wMTY4OTAwMjk1MDAyIzEzQUZCQS5wZGYADgBCACAAMQAtAHMAMgAuADAALQAwADEANgA4ADkAMAAwADIAOQA1ADAAMAAyADcANABYAC0AbQBhAGkAbgAuAHAAZABmAA8AGgAMAE0AYQBjAGkAbgB0AG8AcwBoACAASABEABIAWlVzZXJzL3NhNjM5L0RvY3VtZW50cy9Xb3JrL0FMSUNFLzIwMTIvZG9jdW1lbnRzL1VuZm9sZGluZy8xLXMyLjAtMDE2ODkwMDI5NTAwMjc0WC1tYWluLnBkZgATAAEvAAAVAAIADP//AACABtIbHB0eWiRjbGFzc25hbWVYJGNsYXNzZXNdTlNNdXRhYmxlRGF0YaMdHyBWTlNEYXRhWE5TT2JqZWN00hscIiNcTlNEaWN0aW9uYXJ5oiIgXxAPTlNLZXllZEFyY2hpdmVy0SYnVHJvb3SAAQAIABEAGgAjAC0AMgA3AEAARgBNAFUAYABnAGoAbABuAHEAcwB1AHcAhACOAM0A0gDaAwIDBAMJAxQDHQMrAy8DNgM/A0QDUQNUA2YDaQNuAAAAAAAAAgEAAAAAAAAAKAAAAAAAAAAAAAAAAAAAA3A=}}

@article{CMS:2011c,
	Archiveprefix = {arXiv},
	Author = {Chatrchyan, S. and others},
	Collaboration = {CMS},
	Date-Added = {2012-11-09 00:23:16 +0000},
	Date-Modified = {2016-07-21 18:43:05 +0000},
	Doi = {10.1103/PhysRevC.84.024906},
	Eprint = {1102.1957},
	Issue = {2},
	Journal = {Phys. Rev. C},
	Keywords = {LHC, CMS, QGP, jets, jet quenching},
	Numpages = {26},
	Pages = {024906},
	Primaryclass = {nucl-ex},
	Publisher = {American Physical Society},
	Section = {C},
	Title = {{Observation and studies of jet quenching in Pb--Pb collisions at $\sqrt{{s}_{\rm{NN}}}=2.76$ TeV}},
	Volume = {84},
	Year = {2011},
	Bdsk-File-1 = {YnBsaXN0MDDUAQIDBAUGJCVYJHZlcnNpb25YJG9iamVjdHNZJGFyY2hpdmVyVCR0b3ASAAGGoKgHCBMUFRYaIVUkbnVsbNMJCgsMDxJXTlMua2V5c1pOUy5vYmplY3RzViRjbGFzc6INDoACgAOiEBGABIAFgAdccmVsYXRpdmVQYXRoWWFsaWFzRGF0YV8QMC4uLzIwMTIvZG9jdW1lbnRzL0dlbmVyYWwvUGh5c1JldkMuODQuMDI0OTA2LnBkZtIXCxgZV05TLmRhdGFPEQH4AAAAAAH4AAIAAAxNYWNpbnRvc2ggSEQAAAAAAAAAAAAAAAAAAADR4DqRSCsAAAATr10WUGh5c1JldkMuODQuMDI0OTA2LnBkZgAAAAAAAAAAAAAAAAAAAAAAAAAAAAAAAAAAAAAAAAAAAAAAAAAAAAAAABOvjMzCC5YAAAAAAAAAAAABAAQAAAkgAAAAAAAAAAAAAAAAAAAAB0dlbmVyYWwAABAACAAA0eAecQAAABEACAAAzMH9hgAAAAEAIAATr10AE69OABOvTAATrUcAE3/BAA9nLgAPZu4AD2anAAIAY01hY2ludG9zaCBIRDpVc2VyczoAc2E2Mzk6AERvY3VtZW50czoAV29yazoAQUxJQ0U6ADIwMTI6AGRvY3VtZW50czoAR2VuZXJhbDoAUGh5c1JldkMuODQuMDI0OTA2LnBkZgAADgAuABYAUABoAHkAcwBSAGUAdgBDAC4AOAA0AC4AMAAyADQAOQAwADYALgBwAGQAZgAPABoADABNAGEAYwBpAG4AdABvAHMAaAAgAEgARAASAE5Vc2Vycy9zYTYzOS9Eb2N1bWVudHMvV29yay9BTElDRS8yMDEyL2RvY3VtZW50cy9HZW5lcmFsL1BoeXNSZXZDLjg0LjAyNDkwNi5wZGYAEwABLwAAFQACAAz//wAAgAbSGxwdHlokY2xhc3NuYW1lWCRjbGFzc2VzXU5TTXV0YWJsZURhdGGjHR8gVk5TRGF0YVhOU09iamVjdNIbHCIjXE5TRGljdGlvbmFyeaIiIF8QD05TS2V5ZWRBcmNoaXZlctEmJ1Ryb290gAEACAARABoAIwAtADIANwBAAEYATQBVAGAAZwBqAGwAbgBxAHMAdQB3AIQAjgDBAMYAzgLKAswC0QLcAuUC8wL3Av4DBwMMAxkDHAMuAzEDNgAAAAAAAAIBAAAAAAAAACgAAAAAAAAAAAAAAAAAAAM4},
	Bdsk-Url-1 = {http://link.aps.org/doi/10.1103/PhysRevC.84.024906},
	Bdsk-Url-2 = {http://dx.doi.org/10.1103/PhysRevC.84.024906}}

@proceedings{Jacobs:2010,
	Archiveprefix = {arXiv},
	Author = {P.M. Jacobs},
	Collaboration = {for the STAR Collaboration},
	Date-Added = {2012-11-08 23:41:36 +0000},
	Date-Modified = {2014-07-07 19:28:59 +0000},
	Eprint = {1012.2406},
	Keywords = {jets, jet finding, underlying event},
	Title = {Background Fluctuations in Heavy Ion Jet Reconstruction},
	Year = {2010}}

@article{Ploskon:2009,
	Author = {{M. Ploskon for the STAR Collaboration}},
	Collaboration = {STAR},
	Date-Added = {2012-11-08 23:27:31 +0000},
	Date-Modified = {2016-07-21 23:45:09 +0000},
	Doi = {10.1016/j.nuclphysa.2009.10.095},
	Issn = {0375-9474},
	Journal = {Nuclear Physics A},
	Keywords = {RHIC, STAR, QGP, jets, jet quenching},
	Number = {1-4},
	Pages = {255c - 258c},
	Title = {{Inclusive cross section and correlations of fully reconstructed jets in Au + Au and collisions}},
	Volume = {830},
	Year = {2009},
	Bdsk-Url-1 = {http://www.sciencedirect.com/science/article/pii/S0375947409007507},
	Bdsk-Url-2 = {http://dx.doi.org/10.1016/j.nuclphysa.2009.10.095}}

@techreport{ALICEEMCal:2010,
	Archiveprefix = {arXiv},
	Author = {Abeysekara, U. and others},
	Collaboration = {ALICE EMCal},
	Date-Added = {2012-11-08 16:18:58 +0000},
	Date-Modified = {2016-07-21 18:07:28 +0000},
	Eprint = {1008.0413},
	Institution = {{CERN}},
	Keywords = {LHC, ALICE, EMCal},
	Reportnumber = {arXiv:1008.0413},
	Title = {{ALICE EMCal Physics Performance Report}},
	Year = {2010},
	Bdsk-File-1 = {YnBsaXN0MDDUAQIDBAUGJCVYJHZlcnNpb25YJG9iamVjdHNZJGFyY2hpdmVyVCR0b3ASAAGGoKgHCBMUFRYaIVUkbnVsbNMJCgsMDxJXTlMua2V5c1pOUy5vYmplY3RzViRjbGFzc6INDoACgAOiEBGABIAFgAdccmVsYXRpdmVQYXRoWWFsaWFzRGF0YV8QKS4uLzIwMTIvZG9jdW1lbnRzL0dlbmVyYWwvMTAwOC4wNDEzdjEucGRm0hcLGBlXTlMuZGF0YU8RAdwAAAAAAdwAAgAADE1hY2ludG9zaCBIRAAAAAAAAAAAAAAAAAAAANHgOpFIKwAAABOvXQ8xMDA4LjA0MTN2MS5wZGYAAAAAAAAAAAAAAAAAAAAAAAAAAAAAAAAAAAAAAAAAAAAAAAAAAAAAAAAAAAAAAAAAE69szMG89wAAAAAAAAAAAAEABAAACSAAAAAAAAAAAAAAAAAAAAAHR2VuZXJhbAAAEAAIAADR4B5xAAAAEQAIAADMwa7nAAAAAQAgABOvXQATr04AE69MABOtRwATf8EAD2cuAA9m7gAPZqcAAgBcTWFjaW50b3NoIEhEOlVzZXJzOgBzYTYzOToARG9jdW1lbnRzOgBXb3JrOgBBTElDRToAMjAxMjoAZG9jdW1lbnRzOgBHZW5lcmFsOgAxMDA4LjA0MTN2MS5wZGYADgAgAA8AMQAwADAAOAAuADAANAAxADMAdgAxAC4AcABkAGYADwAaAAwATQBhAGMAaQBuAHQAbwBzAGgAIABIAEQAEgBHVXNlcnMvc2E2MzkvRG9jdW1lbnRzL1dvcmsvQUxJQ0UvMjAxMi9kb2N1bWVudHMvR2VuZXJhbC8xMDA4LjA0MTN2MS5wZGYAABMAAS8AABUAAgAM//8AAIAG0hscHR5aJGNsYXNzbmFtZVgkY2xhc3Nlc11OU011dGFibGVEYXRhox0fIFZOU0RhdGFYTlNPYmplY3TSGxwiI1xOU0RpY3Rpb25hcnmiIiBfEA9OU0tleWVkQXJjaGl2ZXLRJidUcm9vdIABAAgAEQAaACMALQAyADcAQABGAE0AVQBgAGcAagBsAG4AcQBzAHUAdwCEAI4AugC/AMcCpwKpAq4CuQLCAtAC1ALbAuQC6QL2AvkDCwMOAxMAAAAAAAACAQAAAAAAAAAoAAAAAAAAAAAAAAAAAAADFQ==}}

@techreport{ALICE:1995,
	Author = {N. Ahmad and others},
	Collaboration = {ALICE},
	Date-Added = {2012-11-08 16:16:22 +0000},
	Date-Modified = {2016-07-21 17:51:14 +0000},
	Institution = {CERN},
	Keywords = {LHC, ALICE},
	Reportnumber = {CERN/LHCC/95-71},
	Title = {{ALICE Collaboration Technical Proposal}},
	Url = {http://cds.cern.ch/record/293391},
	Year = {1995},
	Bdsk-Url-1 = {http://cds.cern.ch/record/293391}}

@techreport{ALICEDCal:2010,
	Author = {Allen, J and others},
	Collaboration = {ALICE EMCal},
	Date-Added = {2012-11-08 16:14:53 +0000},
	Date-Modified = {2016-07-21 18:04:21 +0000},
	Institution = {{CERN}},
	Keywords = {LHC, ALICE, DCal},
	Reportnumber = {CERN-LHCC-2010-011},
	Title = {{ALICE DCal: An Addendum to the EMCal Technical Design Report Di-Jet and Hadron-Jet correlation measurements in ALICE}},
	Url = {http://cdsweb.cern.ch/record/1272952},
	Year = {2010},
	Bdsk-Url-1 = {http://cdsweb.cern.ch/record/1272952}}

@article{ALICE:2008,
	Author = {K. Aamodt and other},
	Collaboration = {ALICE},
	Date-Added = {2012-11-08 13:43:47 +0000},
	Date-Modified = {2016-07-21 17:51:55 +0000},
	Doi = {10.1088/1748-0221/3/08/S08002},
	Journal = {Journal of Instrumentation},
	Keywords = {LHC, ALICE},
	Pages = {S08002},
	Title = {{The ALICE experiment at the CERN LHC}},
	Volume = {3},
	Year = {2008},
	Bdsk-File-1 = {YnBsaXN0MDDUAQIDBAUGJCVYJHZlcnNpb25YJG9iamVjdHNZJGFyY2hpdmVyVCR0b3ASAAGGoKgHCBMUFRYaIVUkbnVsbNMJCgsMDxJXTlMua2V5c1pOUy5vYmplY3RzViRjbGFzc6INDoACgAOiEBGABIAFgAdccmVsYXRpdmVQYXRoWWFsaWFzRGF0YV8QMy4uLzIwMTIvZG9jdW1lbnRzL0dlbmVyYWwvMTc0OC0wMjIxXzNfMDhfUzA4MDAyLnBkZtIXCxgZV05TLmRhdGFPEQIEAAAAAAIEAAIAAAxNYWNpbnRvc2ggSEQAAAAAAAAAAAAAAAAAAADR4DqRSCsAAAATr10ZMTc0OC0wMjIxXzNfMDhfUzA4MDAyLnBkZgAAAAAAAAAAAAAAAAAAAAAAAAAAAAAAAAAAAAAAAAAAAAAAAAAAABOveMzBjvAAAAAAAAAAAAABAAQAAAkgAAAAAAAAAAAAAAAAAAAAB0dlbmVyYWwAABAACAAA0eAecQAAABEACAAAzMGA4AAAAAEAIAATr10AE69OABOvTAATrUcAE3/BAA9nLgAPZu4AD2anAAIAZk1hY2ludG9zaCBIRDpVc2VyczoAc2E2Mzk6AERvY3VtZW50czoAV29yazoAQUxJQ0U6ADIwMTI6AGRvY3VtZW50czoAR2VuZXJhbDoAMTc0OC0wMjIxXzNfMDhfUzA4MDAyLnBkZgAOADQAGQAxADcANAA4AC0AMAAyADIAMQBfADMAXwAwADgAXwBTADAAOAAwADAAMgAuAHAAZABmAA8AGgAMAE0AYQBjAGkAbgB0AG8AcwBoACAASABEABIAUVVzZXJzL3NhNjM5L0RvY3VtZW50cy9Xb3JrL0FMSUNFLzIwMTIvZG9jdW1lbnRzL0dlbmVyYWwvMTc0OC0wMjIxXzNfMDhfUzA4MDAyLnBkZgAAEwABLwAAFQACAAz//wAAgAbSGxwdHlokY2xhc3NuYW1lWCRjbGFzc2VzXU5TTXV0YWJsZURhdGGjHR8gVk5TRGF0YVhOU09iamVjdNIbHCIjXE5TRGljdGlvbmFyeaIiIF8QD05TS2V5ZWRBcmNoaXZlctEmJ1Ryb290gAEACAARABoAIwAtADIANwBAAEYATQBVAGAAZwBqAGwAbgBxAHMAdQB3AIQAjgDEAMkA0QLZAtsC4ALrAvQDAgMGAw0DFgMbAygDKwM9A0ADRQAAAAAAAAIBAAAAAAAAACgAAAAAAAAAAAAAAAAAAANH}}

@article{STAR:2006a,
	Archiveprefix = {arXiv},
	Author = {J. Adams and others},
	Collaboration = {STAR},
	Date-Added = {2012-11-08 00:16:05 +0000},
	Date-Modified = {2016-07-21 18:27:58 +0000},
	Doi = {10.1103/PhysRevLett.97.162301},
	Eprint = {nucl-ex/0604018},
	Journal = {Phys. Rev. Lett.},
	Keywords = {STAR, RHIC, QGP, jets, jet quenching},
	Pages = {162301},
	Primaryclass = {nucl-ex},
	Title = {{Direct Observation of Dijets in Central Au--Au Collisions at $\sqrt{s_{\rm{NN}}}=200$ GeV}},
	Volume = {97},
	Year = {2006},
	Bdsk-File-1 = {YnBsaXN0MDDUAQIDBAUGJCVYJHZlcnNpb25YJG9iamVjdHNZJGFyY2hpdmVyVCR0b3ASAAGGoKgHCBMUFRYaIVUkbnVsbNMJCgsMDxJXTlMua2V5c1pOUy5vYmplY3RzViRjbGFzc6INDoACgAOiEBGABIAFgAdccmVsYXRpdmVQYXRoWWFsaWFzRGF0YV8QMy4uLzIwMTIvZG9jdW1lbnRzL0dlbmVyYWwvUGh5c1JldkxldHQuOTcuMTYyMzAxLnBkZtIXCxgZV05TLmRhdGFPEQIEAAAAAAIEAAIAAAxNYWNpbnRvc2ggSEQAAAAAAAAAAAAAAAAAAADR4DqRSCsAAAATr10ZUGh5c1JldkxldHQuOTcuMTYyMzAxLnBkZgAAAAAAAAAAAAAAAAAAAAAAAAAAAAAAAAAAAAAAAAAAAAAAAAAAABOvmszJMTcAAAAAAAAAAAABAAQAAAkgAAAAAAAAAAAAAAAAAAAAB0dlbmVyYWwAABAACAAA0eAecQAAABEACAAAzMkjJwAAAAEAIAATr10AE69OABOvTAATrUcAE3/BAA9nLgAPZu4AD2anAAIAZk1hY2ludG9zaCBIRDpVc2VyczoAc2E2Mzk6AERvY3VtZW50czoAV29yazoAQUxJQ0U6ADIwMTI6AGRvY3VtZW50czoAR2VuZXJhbDoAUGh5c1JldkxldHQuOTcuMTYyMzAxLnBkZgAOADQAGQBQAGgAeQBzAFIAZQB2AEwAZQB0AHQALgA5ADcALgAxADYAMgAzADAAMQAuAHAAZABmAA8AGgAMAE0AYQBjAGkAbgB0AG8AcwBoACAASABEABIAUVVzZXJzL3NhNjM5L0RvY3VtZW50cy9Xb3JrL0FMSUNFLzIwMTIvZG9jdW1lbnRzL0dlbmVyYWwvUGh5c1JldkxldHQuOTcuMTYyMzAxLnBkZgAAEwABLwAAFQACAAz//wAAgAbSGxwdHlokY2xhc3NuYW1lWCRjbGFzc2VzXU5TTXV0YWJsZURhdGGjHR8gVk5TRGF0YVhOU09iamVjdNIbHCIjXE5TRGljdGlvbmFyeaIiIF8QD05TS2V5ZWRBcmNoaXZlctEmJ1Ryb290gAEACAARABoAIwAtADIANwBAAEYATQBVAGAAZwBqAGwAbgBxAHMAdQB3AIQAjgDEAMkA0QLZAtsC4ALrAvQDAgMGAw0DFgMbAygDKwM9A0ADRQAAAAAAAAIBAAAAAAAAACgAAAAAAAAAAAAAAAAAAANH},
	Bdsk-Url-1 = {http://prl.aps.org/abstract/PRL/v97/i16/e162301}}

@article{ALICE:2010d,
	Archiveprefix = {arXiv},
	Author = {K. Aamodt and others},
	Collaboration = {ALICE},
	Date-Added = {2012-11-07 23:22:47 +0000},
	Date-Modified = {2016-07-21 17:53:36 +0000},
	Doi = {10.1016/j.physletb.2010.12.020},
	Eprint = {1012.1004},
	Issn = {0370-2693},
	Journal = {Physics Letters B},
	Keywords = {LHC, ALICE, QGP, hadrons, jet quenching},
	Pages = {30},
	Primaryclass = {nucl-ex},
	Section = {B},
	Title = {{Suppression of charged particle production at large transverse momentum in central Pb--Pb collisions at $\sqrt{s_{\rm{NN}}}=2.76$ TeV}},
	Volume = {696},
	Year = {2011},
	Bdsk-File-1 = {YnBsaXN0MDDUAQIDBAUGJCVYJHZlcnNpb25YJG9iamVjdHNZJGFyY2hpdmVyVCR0b3ASAAGGoKgHCBMUFRYaIVUkbnVsbNMJCgsMDxJXTlMua2V5c1pOUy5vYmplY3RzViRjbGFzc6INDoACgAOiEBGABIAFgAdccmVsYXRpdmVQYXRoWWFsaWFzRGF0YV8QOy4uLzIwMTIvZG9jdW1lbnRzL0dlbmVyYWwvMS1zMi4wLVMwMzcwMjY5MzEwMDEzOTczLW1haW4ucGRm0hcLGBlXTlMuZGF0YU8RAiIAAAAAAiIAAgAADE1hY2ludG9zaCBIRAAAAAAAAAAAAAAAAAAAANHgOpFIKwAAABOvXR8xLXMyLjAtUzAzNzAyNjkzMTAwMSMxM0FGNjUucGRmAAAAAAAAAAAAAAAAAAAAAAAAAAAAAAAAAAAAAAAAAAAAE69lzMCsNwAAAAAAAAAAAAEABAAACSAAAAAAAAAAAAAAAAAAAAAHR2VuZXJhbAAAEAAIAADR4B5xAAAAEQAIAADMwJ4nAAAAAQAgABOvXQATr04AE69MABOtRwATf8EAD2cuAA9m7gAPZqcAAgBsTWFjaW50b3NoIEhEOlVzZXJzOgBzYTYzOToARG9jdW1lbnRzOgBXb3JrOgBBTElDRToAMjAxMjoAZG9jdW1lbnRzOgBHZW5lcmFsOgAxLXMyLjAtUzAzNzAyNjkzMTAwMSMxM0FGNjUucGRmAA4ARAAhADEALQBzADIALgAwAC0AUwAwADMANwAwADIANgA5ADMAMQAwADAAMQAzADkANwAzAC0AbQBhAGkAbgAuAHAAZABmAA8AGgAMAE0AYQBjAGkAbgB0AG8AcwBoACAASABEABIAWVVzZXJzL3NhNjM5L0RvY3VtZW50cy9Xb3JrL0FMSUNFLzIwMTIvZG9jdW1lbnRzL0dlbmVyYWwvMS1zMi4wLVMwMzcwMjY5MzEwMDEzOTczLW1haW4ucGRmAAATAAEvAAAVAAIADP//AACABtIbHB0eWiRjbGFzc25hbWVYJGNsYXNzZXNdTlNNdXRhYmxlRGF0YaMdHyBWTlNEYXRhWE5TT2JqZWN00hscIiNcTlNEaWN0aW9uYXJ5oiIgXxAPTlNLZXllZEFyY2hpdmVy0SYnVHJvb3SAAQAIABEAGgAjAC0AMgA3AEAARgBNAFUAYABnAGoAbABuAHEAcwB1AHcAhACOAMwA0QDZAv8DAQMGAxEDGgMoAywDMwM8A0EDTgNRA2MDZgNrAAAAAAAAAgEAAAAAAAAAKAAAAAAAAAAAAAAAAAAAA20=},
	Bdsk-Url-1 = {http://www.sciencedirect.com/science/article/pii/S0370269310013973},
	Bdsk-Url-2 = {http://dx.doi.org/10.1016/j.physletb.2010.12.020}}

@article{CMS:2011b,
	Archiveprefix = {arXiv},
	Author = {S. Chatrchyan and others},
	Collaboration = {CMS Collaboration},
	Date-Added = {2012-11-07 18:49:33 +0000},
	Date-Modified = {2016-07-21 17:35:12 +0000},
	Eprint = {1105.4894},
	Journal = {Phys. Rev. Lett.},
	Keywords = {LHC, CMS, QGP, heavy quarks, bottom, quarkonia},
	Pages = {052302},
	Primaryclass = {nucl-ex},
	Title = {{Indications of Suppression of Excited $\Iupsilon$ States in Pb-Pb Collisions at $\sqrt{s_{\rm{NN}}}=2.76$ TeV}},
	Volume = {107},
	Year = {2011},
	Bdsk-File-1 = {YnBsaXN0MDDUAQIDBAUGJCVYJHZlcnNpb25YJG9iamVjdHNZJGFyY2hpdmVyVCR0b3ASAAGGoKgHCBMUFRYaIVUkbnVsbNMJCgsMDxJXTlMua2V5c1pOUy5vYmplY3RzViRjbGFzc6INDoACgAOiEBGABIAFgAdccmVsYXRpdmVQYXRoWWFsaWFzRGF0YV8QNC4uLzIwMTIvZG9jdW1lbnRzL0dlbmVyYWwvUGh5c1JldkxldHQuMTA3LjA1MjMwMi5wZGbSFwsYGVdOUy5kYXRhTxECCAAAAAACCAACAAAMTWFjaW50b3NoIEhEAAAAAAAAAAAAAAAAAAAA0eA6kUgrAAAAE69dGlBoeXNSZXZMZXR0LjEwNy4wNTIzMDIucGRmAAAAAAAAAAAAAAAAAAAAAAAAAAAAAAAAAAAAAAAAAAAAAAAAAAATr5PMwIgaAAAAAAAAAAAAAQAEAAAJIAAAAAAAAAAAAAAAAAAAAAdHZW5lcmFsAAAQAAgAANHgHnEAAAARAAgAAMzAegoAAAABACAAE69dABOvTgATr0wAE61HABN/wQAPZy4AD2buAA9mpwACAGdNYWNpbnRvc2ggSEQ6VXNlcnM6AHNhNjM5OgBEb2N1bWVudHM6AFdvcms6AEFMSUNFOgAyMDEyOgBkb2N1bWVudHM6AEdlbmVyYWw6AFBoeXNSZXZMZXR0LjEwNy4wNTIzMDIucGRmAAAOADYAGgBQAGgAeQBzAFIAZQB2AEwAZQB0AHQALgAxADAANwAuADAANQAyADMAMAAyAC4AcABkAGYADwAaAAwATQBhAGMAaQBuAHQAbwBzAGgAIABIAEQAEgBSVXNlcnMvc2E2MzkvRG9jdW1lbnRzL1dvcmsvQUxJQ0UvMjAxMi9kb2N1bWVudHMvR2VuZXJhbC9QaHlzUmV2TGV0dC4xMDcuMDUyMzAyLnBkZgATAAEvAAAVAAIADP//AACABtIbHB0eWiRjbGFzc25hbWVYJGNsYXNzZXNdTlNNdXRhYmxlRGF0YaMdHyBWTlNEYXRhWE5TT2JqZWN00hscIiNcTlNEaWN0aW9uYXJ5oiIgXxAPTlNLZXllZEFyY2hpdmVy0SYnVHJvb3SAAQAIABEAGgAjAC0AMgA3AEAARgBNAFUAYABnAGoAbABuAHEAcwB1AHcAhACOAMUAygDSAt4C4ALlAvAC+QMHAwsDEgMbAyADLQMwA0IDRQNKAAAAAAAAAgEAAAAAAAAAKAAAAAAAAAAAAAAAAAAAA0w=}}

@article{CMS:2012f,
	Archiveprefix = {arXiv},
	Author = {Chatrchyan, S. and others},
	Collaboration = {CMS Collaboration},
	Date-Added = {2012-11-07 18:14:38 +0000},
	Date-Modified = {2016-07-21 17:40:27 +0000},
	Doi = {10.1007/JHEP05(2012)063},
	Eprint = {1201.5069},
	Journal = {JHEP},
	Keywords = {LHC, CMS, QGP, heavy quarks, charm, bottom, quarkonia},
	Number = {63},
	Pages = {1},
	Primaryclass = {nucl-ex},
	Title = {{Suppression of non-prompt J/$\Psi$, prompt J/$\Psi$, and $\Iupsilon$ (1S) in Pb--Pb collisions at $sqrt{s_{\rm{NN}}}=2.76$ TeV}},
	Volume = {5},
	Year = {2012},
	Bdsk-Url-1 = {http://dx.doi.org/10.1007/JHEP05(2012)063}}

@article{WA97:1999,
	Author = {F. Antinori and others},
	Collabortation = {WA97},
	Date-Added = {2012-11-07 15:53:12 +0000},
	Date-Modified = {2014-07-07 18:19:25 +0000},
	Journal = {Nucl. Phys. A},
	Keywords = {QGP, SPS, strangeness},
	Pages = {130},
	Title = {{Production of strange and multistrange hadrons in nucleus--nucleus collisions at the SPS}},
	Volume = {661},
	Year = {1999}}

@article{Matsui:1986,
	Author = {Matsui, T. and Satz, H.},
	Date-Added = {2012-11-07 15:38:48 +0000},
	Date-Modified = {2016-07-18 19:00:39 +0000},
	Doi = {10.1016/0370-2693(86)91404-8},
	Journal = {Phys.Lett.},
	Keywords = {heavy quarks, QGP, theory},
	Pages = {416},
	Reportnumber = {BNL-38344},
	Slaccitation = {%%CITATION = PHLTA,B178,416;%%},
	Title = {{J/$\Psi$ Suppression by Quark-Gluon Plasma Formation}},
	Volume = {B178},
	Year = {1986},
	Bdsk-Url-1 = {http://dx.doi.org/10.1016/0370-2693(86)91404-8}}

@article{ATLAS:2012b,
	Archiveprefix = {arXiv},
	Author = {G. Aad and others},
	Collaboration = {ATLAS},
	Date-Added = {2012-11-07 15:21:00 +0000},
	Date-Modified = {2016-07-21 18:11:18 +0000},
	Doi = {10.1016/j.physletb.2012.08.020},
	Eprint = {1207.7214},
	Issn = {0370-2693},
	Journal = {Physics Letters B},
	Keywords = {LHC, ATLAS, Higgs,},
	Pages = {1},
	Primaryclass = {hep-ex},
	Title = {{Observation of a new particle in the search for the Standard Model Higgs boson with the ATLAS detector at the LHC}},
	Volume = {716},
	Year = {2012},
	Bdsk-Url-1 = {http://www.sciencedirect.com/science/article/pii/S037026931200857X},
	Bdsk-Url-2 = {http://dx.doi.org/10.1016/j.physletb.2012.08.020}}

@article{CMS:2012d,
	Archiveprefix = {arXiv},
	Author = {S. Chatrchyan and others},
	Collaboration = {CMS},
	Date-Added = {2012-11-07 15:18:56 +0000},
	Date-Modified = {2016-07-21 17:38:18 +0000},
	Doi = {10.1016/j.physletb.2012.08.021},
	Eprint = {1207.7235},
	Issn = {0370-2693},
	Journal = {Physics Letters B},
	Keywords = {LHC, CMS, Higgs},
	Pages = {30},
	Primaryclass = {hep-ex},
	Title = {{Observation of a new boson at a mass of 125 GeV with the CMS experiment at the LHC}},
	Volume = {716},
	Year = {2012},
	Bdsk-Url-1 = {http://www.sciencedirect.com/science/article/pii/S0370269312008581},
	Bdsk-Url-2 = {http://dx.doi.org/10.1016/j.physletb.2012.08.021}}

@article{Rafelski:1982,
	Author = {Rafelski, Johann and Muller, Berndt},
	Date-Added = {2012-11-07 15:12:39 +0000},
	Date-Modified = {2014-07-07 18:19:15 +0000},
	Doi = {10.1103/PhysRevLett.48.1066},
	Issue = {16},
	Journal = {Phys. Rev. Lett.},
	Keywords = {QGP, theory, strangeness},
	Month = {Apr},
	Pages = {1066},
	Publisher = {American Physical Society},
	Title = {Strangeness Production in the Quark-Gluon Plasma},
	Url = {http://link.aps.org/doi/10.1103/PhysRevLett.48.1066},
	Volume = {48},
	Year = {1982},
	Bdsk-Url-1 = {http://link.aps.org/doi/10.1103/PhysRevLett.48.1066},
	Bdsk-Url-2 = {http://dx.doi.org/10.1103/PhysRevLett.48.1066}}

@article{Bethke:2007,
	Author = {S. Bethke},
	Date-Added = {2012-11-07 11:42:46 +0000},
	Date-Modified = {2014-07-07 19:19:14 +0000},
	Doi = {10.1016/j.ppnp.2006.06.001},
	Issn = {0146-6410},
	Journal = {Progress in Particle and Nuclear Physics},
	Keywords = {QCD},
	Number = {2},
	Pages = {351 - 386},
	Title = {Experimental tests of asymptotic freedom},
	Url = {http://www.sciencedirect.com/science/article/pii/S0146641006000615},
	Volume = {58},
	Year = {2007},
	Bdsk-Url-1 = {http://www.sciencedirect.com/science/article/pii/S0146641006000615},
	Bdsk-Url-2 = {http://dx.doi.org/10.1016/j.ppnp.2006.06.001}}

@article{Miller:2007,
	Author = {Michael L. Miller and Klaus Reygers and Stephen J. Sanders and Peter Steinberg},
	Date-Added = {2012-11-07 00:39:25 +0000},
	Date-Modified = {2014-07-07 22:26:28 +0000},
	Journal = {Annual Review of Nuclear and Particle Science},
	Keywords = {theory, simulations},
	Number = {57},
	Pages = {205},
	Title = {Glauber Modeling in High-Energy Nuclear Collisions},
	Volume = {57},
	Year = {2007}}

@article{Cacciari:2008a,
	Abstract = {The area of a jet is a measure of its susceptibility to radiation, like pileup or underlying event (UE), that on average, in the jet's neighbourhood, is uniform in rapidity and azimuth. In this article we establish a theoretical grounding for the discussion of jet areas, introducing two main definitions, passive and active areas, which respectively characterise the sensitivity to pointlike or diffuse pileup and UE radiation. We investigate the properties of jet areas for three standard jet algorithms, k t , Cambridge/Aachen and SISCone. Passive areas for single-particle jets are equal to the naive geometrical expectation Ï€ R 2 , but acquire an anomalous dimension at higher orders in the coupling, calculated here at leading order. The more physically relevant active areas differ from Ï€ R 2 even for single-particle jets, substantially so in the case of the cone algorithms like SISCone with a Tevatron Run-II split-merge procedure. We compare our results with direct measures of areas in parton-shower Monte Carlo simulations and find good agreement with the main features of the analytical predictions. We furthermore justify the use of jet areas to subtract the contamination from pileup.},
	Author = {Matteo Cacciari and Gavin P. Salam and Gregory Soyez},
	Date-Added = {2012-11-01 17:01:39 +0000},
	Date-Modified = {2014-07-07 19:02:30 +0000},
	Journal = {Journal of High Energy Physics},
	Keywords = {jets, jet finding},
	Number = {0804},
	Pages = {0804},
	Title = {The catchment area of jets},
	Volume = {005},
	Year = {2008},
	Bdsk-File-1 = {YnBsaXN0MDDUAQIDBAUGJCVYJHZlcnNpb25YJG9iamVjdHNZJGFyY2hpdmVyVCR0b3ASAAGGoKgHCBMUFRYaIVUkbnVsbNMJCgsMDxJXTlMua2V5c1pOUy5vYmplY3RzViRjbGFzc6INDoACgAOiEBGABIAFgAdccmVsYXRpdmVQYXRoWWFsaWFzRGF0YV8QNy4uLzIwMTIvZG9jdW1lbnRzL0pldCBmaW5kaW5nLzExMjYtNjcwOF8yMDA4XzA0XzAwNS5wZGbSFwsYGVdOUy5kYXRhTxECEAAAAAACEAACAAAMTWFjaW50b3NoIEhEAAAAAAAAAAAAAAAAAAAA0eA6kUgrAAAAE6+lGTExMjYtNjcwOF8yMDA4XzA0XzAwNS5wZGYAAAAAAAAAAAAAAAAAAAAAAAAAAAAAAAAAAAAAAAAAAAAAAAAAAAATr6zMuGj9AAAAAAAAAAAAAQAEAAAJIAAAAAAAAAAAAAAAAAAAAAtKZXQgZmluZGluZwAAEAAIAADR4B5xAAAAEQAIAADMuFrtAAAAAQAgABOvpQATr04AE69MABOtRwATf8EAD2cuAA9m7gAPZqcAAgBqTWFjaW50b3NoIEhEOlVzZXJzOgBzYTYzOToARG9jdW1lbnRzOgBXb3JrOgBBTElDRToAMjAxMjoAZG9jdW1lbnRzOgBKZXQgZmluZGluZzoAMTEyNi02NzA4XzIwMDhfMDRfMDA1LnBkZgAOADQAGQAxADEAMgA2AC0ANgA3ADAAOABfADIAMAAwADgAXwAwADQAXwAwADAANQAuAHAAZABmAA8AGgAMAE0AYQBjAGkAbgB0AG8AcwBoACAASABEABIAVVVzZXJzL3NhNjM5L0RvY3VtZW50cy9Xb3JrL0FMSUNFLzIwMTIvZG9jdW1lbnRzL0pldCBmaW5kaW5nLzExMjYtNjcwOF8yMDA4XzA0XzAwNS5wZGYAABMAAS8AABUAAgAM//8AAIAG0hscHR5aJGNsYXNzbmFtZVgkY2xhc3Nlc11OU011dGFibGVEYXRhox0fIFZOU0RhdGFYTlNPYmplY3TSGxwiI1xOU0RpY3Rpb25hcnmiIiBfEA9OU0tleWVkQXJjaGl2ZXLRJidUcm9vdIABAAgAEQAaACMALQAyADcAQABGAE0AVQBgAGcAagBsAG4AcQBzAHUAdwCEAI4AyADNANUC6QLrAvAC+wMEAxIDFgMdAyYDKwM4AzsDTQNQA1UAAAAAAAACAQAAAAAAAAAoAAAAAAAAAAAAAAAAAAADVw==},
	Bdsk-Url-1 = {http://stacks.iop.org/1126-6708/2008/i=04/a=005}}

@article{Corcella:2002,
	Author = {G. Corcella and others},
	Date-Added = {2012-10-31 22:12:03 +0000},
	Date-Modified = {2014-07-07 22:26:28 +0000},
	Journal = {arXiv:hep-ph/0210213},
	Keywords = {simulations, theory},
	Title = {HERWIG 6.5 Release Note},
	Year = {2002}}

@article{Salam:2007,
	Abstract = {Current cone jet algorithms, widely used at hadron colliders, take event particles as seeds in an iterative search for stable cones. A longstanding infrared (IR) unsafety issue in such algorithms is often assumed to be solvable by adding extra `midpoint' seeds, but actually is just postponed to one order higher in the coupling. A proper solution is to switch to an exact seedless cone algorithm, one that provably identifies all stable cones. The only existing approach takes N 2 N time to find jets among N particles, making it unusable at hadron level. This can be reduced to N 2 ln N time, leading to code (SISCone) whose speed is similar to that of public midpoint implementations. Monte Carlo tests provide a strong cross-check of an analytical proof of the IR safety of the new algorithm, and the absence of any ` R sep ' issue implies a good practical correspondence between parton and hadron levels. Relative to a midpoint cone, the use of an IR safe seedless algorithm leads to modest changes for inclusive jet spectra, mostly through reduced sensitivity to the underlying event, and significant changes for some multi-jet observables.},
	Author = {Gavin P. Salam and Gr{\'e}gory Soyez},
	Date-Added = {2012-10-31 21:56:29 +0000},
	Date-Modified = {2014-07-07 18:55:51 +0000},
	Journal = {Journal of High Energy Physics},
	Keywords = {jets, jet finding},
	Number = {5},
	Pages = {1},
	Title = {A practical seedless infrared-safe cone jet algorithm},
	Url = {http://stacks.iop.org/1126-6708/2007/i=05/a=086},
	Volume = {86},
	Year = {2007},
	Bdsk-Url-1 = {http://stacks.iop.org/1126-6708/2007/i=05/a=086}}

@article{Ellis:1993,
	Author = {S. D. Ellis and D. E. Soper},
	Date-Added = {2012-10-30 23:30:53 +0000},
	Date-Modified = {2014-07-07 18:14:29 +0000},
	Journal = {Phys. Rev. D},
	Keywords = {jets, jet finding},
	Pages = {3160},
	Section = {D},
	Title = {Successive combination jet algorithm for hadron collisions},
	Volume = {48},
	Year = {1993}}

@article{Dokshitzer:1997,
	Author = {Dokshitzer, Y. L. and Leder, G. D. and Moretti, S. and B. R. Webber},
	Date-Added = {2012-10-30 23:27:18 +0000},
	Date-Modified = {2014-07-07 18:15:29 +0000},
	Journal = {JHEP},
	Keywords = {jets, jet finding},
	Pages = {001},
	Title = {Better Jet Clustering Algorithms},
	Volume = {9708},
	Year = {1997}}

@article{JADE:1986,
	Author = {Bartel W., Becker L., et al.},
	Collaboration = {JADE},
	Date-Added = {2012-10-30 23:12:57 +0000},
	Date-Modified = {2014-07-07 18:13:19 +0000},
	Doi = {10.1007/BF01410449},
	Issn = {0170-9739},
	Issue = {1},
	Journal = {Zeitschrift f{\"u}r Physik C Particles and Fields},
	Keywords = {jets},
	Language = {English},
	Pages = {23-31},
	Publisher = {Springer-Verlag},
	Title = {{Experimental studies on multijet production in $e^{+}-e^{-}$ annihilation at PETRA energies}},
	Url = {http://dx.doi.org/10.1007/BF01410449},
	Volume = {33},
	Year = {1986},
	Bdsk-Url-1 = {http://dx.doi.org/10.1007/BF01410449}}

@article{Blazey:1999,
	Archiveprefix = {arXiv},
	Author = {G. C. Blazey and B. L. Flaugher},
	Date-Added = {2012-10-30 22:16:51 +0000},
	Date-Modified = {2016-07-21 18:21:52 +0000},
	Doi = {10.1146/annurev.nucl.49.1.633},
	Eprint = {hep-ex/9903058},
	Journal = {Ann. Rev. Nucl. Part. Sci.},
	Keywords = {FNAL, pp, jets},
	Pages = {633},
	Primaryclass = {hep-ex},
	Reportnumber = {FERMILAB-Pub-99/038-E},
	Title = {{Inclusive Jet and Dijet Production at the Tevatron}},
	Volume = {49},
	Year = {1999},
	Bdsk-File-1 = {YnBsaXN0MDDUAQIDBAUGJCVYJHZlcnNpb25YJG9iamVjdHNZJGFyY2hpdmVyVCR0b3ASAAGGoKgHCBMUFRYaIVUkbnVsbNMJCgsMDxJXTlMua2V5c1pOUy5vYmplY3RzViRjbGFzc6INDoACgAOiEBGABIAFgAdccmVsYXRpdmVQYXRoWWFsaWFzRGF0YV8QJy4uLzIwMTIvZG9jdW1lbnRzL0dlbmVyYWwvOTkwMzA1OHYxLnBkZtIXCxgZV05TLmRhdGFPEQHUAAAAAAHUAAIAAAxNYWNpbnRvc2ggSEQAAAAAAAAAAAAAAAAAAADR4DqRSCsAAAATr10NOTkwMzA1OHYxLnBkZgAAAAAAAAAAAAAAAAAAAAAAAAAAAAAAAAAAAAAAAAAAAAAAAAAAAAAAAAAAAAAAAAAAABOvfcy2EBQAAAAAAAAAAAABAAQAAAkgAAAAAAAAAAAAAAAAAAAAB0dlbmVyYWwAABAACAAA0eAecQAAABEACAAAzLYCBAAAAAEAIAATr10AE69OABOvTAATrUcAE3/BAA9nLgAPZu4AD2anAAIAWk1hY2ludG9zaCBIRDpVc2VyczoAc2E2Mzk6AERvY3VtZW50czoAV29yazoAQUxJQ0U6ADIwMTI6AGRvY3VtZW50czoAR2VuZXJhbDoAOTkwMzA1OHYxLnBkZgAOABwADQA5ADkAMAAzADAANQA4AHYAMQAuAHAAZABmAA8AGgAMAE0AYQBjAGkAbgB0AG8AcwBoACAASABEABIARVVzZXJzL3NhNjM5L0RvY3VtZW50cy9Xb3JrL0FMSUNFLzIwMTIvZG9jdW1lbnRzL0dlbmVyYWwvOTkwMzA1OHYxLnBkZgAAEwABLwAAFQACAAz//wAAgAbSGxwdHlokY2xhc3NuYW1lWCRjbGFzc2VzXU5TTXV0YWJsZURhdGGjHR8gVk5TRGF0YVhOU09iamVjdNIbHCIjXE5TRGljdGlvbmFyeaIiIF8QD05TS2V5ZWRBcmNoaXZlctEmJ1Ryb290gAEACAARABoAIwAtADIANwBAAEYATQBVAGAAZwBqAGwAbgBxAHMAdQB3AIQAjgC4AL0AxQKdAp8CpAKvArgCxgLKAtEC2gLfAuwC7wMBAwQDCQAAAAAAAAIBAAAAAAAAACgAAAAAAAAAAAAAAAAAAAML}}

@article{Weinberg:1977,
	Author = {Sterman, George and Weinberg, Steven},
	Date-Added = {2012-10-30 22:09:11 +0000},
	Date-Modified = {2014-07-07 18:12:43 +0000},
	Doi = {10.1103/PhysRevLett.39.1436},
	Issue = {23},
	Journal = {Phys. Rev. Lett.},
	Keywords = {jets, theory},
	Month = {Dec},
	Pages = {1436--1439},
	Publisher = {American Physical Society},
	Title = {Jets from Quantum Chromodynamics},
	Url = {http://link.aps.org/doi/10.1103/PhysRevLett.39.1436},
	Volume = {39},
	Year = {1977},
	Bdsk-File-1 = {YnBsaXN0MDDUAQIDBAUGJCVYJHZlcnNpb25YJG9iamVjdHNZJGFyY2hpdmVyVCR0b3ASAAGGoKgHCBMUFRYaIVUkbnVsbNMJCgsMDxJXTlMua2V5c1pOUy5vYmplY3RzViRjbGFzc6INDoACgAOiEBGABIAFgAdccmVsYXRpdmVQYXRoWWFsaWFzRGF0YV8QMS4uLzIwMTIvZG9jdW1lbnRzL0dlbmVyYWwvUGh5c1JldkxldHQuMzkuMTQzNi5wZGbSFwsYGVdOUy5kYXRhTxEB/AAAAAAB/AACAAAMTWFjaW50b3NoIEhEAAAAAAAAAAAAAAAAAAAA0eA6kUgrAAAAE69dF1BoeXNSZXZMZXR0LjM5LjE0MzYucGRmAAAAAAAAAAAAAAAAAAAAAAAAAAAAAAAAAAAAAAAAAAAAAAAAAAAAAAATr5bMcoO8AAAAAAAAAAAAAQAEAAAJIAAAAAAAAAAAAAAAAAAAAAdHZW5lcmFsAAAQAAgAANHgHnEAAAARAAgAAMxyZ5wAAAABACAAE69dABOvTgATr0wAE61HABN/wQAPZy4AD2buAA9mpwACAGRNYWNpbnRvc2ggSEQ6VXNlcnM6AHNhNjM5OgBEb2N1bWVudHM6AFdvcms6AEFMSUNFOgAyMDEyOgBkb2N1bWVudHM6AEdlbmVyYWw6AFBoeXNSZXZMZXR0LjM5LjE0MzYucGRmAA4AMAAXAFAAaAB5AHMAUgBlAHYATABlAHQAdAAuADMAOQAuADEANAAzADYALgBwAGQAZgAPABoADABNAGEAYwBpAG4AdABvAHMAaAAgAEgARAASAE9Vc2Vycy9zYTYzOS9Eb2N1bWVudHMvV29yay9BTElDRS8yMDEyL2RvY3VtZW50cy9HZW5lcmFsL1BoeXNSZXZMZXR0LjM5LjE0MzYucGRmAAATAAEvAAAVAAIADP//AACABtIbHB0eWiRjbGFzc25hbWVYJGNsYXNzZXNdTlNNdXRhYmxlRGF0YaMdHyBWTlNEYXRhWE5TT2JqZWN00hscIiNcTlNEaWN0aW9uYXJ5oiIgXxAPTlNLZXllZEFyY2hpdmVy0SYnVHJvb3SAAQAIABEAGgAjAC0AMgA3AEAARgBNAFUAYABnAGoAbABuAHEAcwB1AHcAhACOAMIAxwDPAs8C0QLWAuEC6gL4AvwDAwMMAxEDHgMhAzMDNgM7AAAAAAAAAgEAAAAAAAAAKAAAAAAAAAAAAAAAAAAAAz0=},
	Bdsk-Url-1 = {http://link.aps.org/doi/10.1103/PhysRevLett.39.1436},
	Bdsk-Url-2 = {http://dx.doi.org/10.1103/PhysRevLett.39.1436}}

@article{Hanson:1975,
	Author = {G. Hanson and G. S. Abrams and A. M. Boyarski and others},
	Date-Added = {2012-10-30 21:34:18 +0000},
	Date-Modified = {2014-07-07 18:12:19 +0000},
	Journal = {Physical Review Letters},
	Keywords = {jets},
	Month = {12},
	Number = {24},
	Pages = {1609-1612},
	Title = {{Evidence for Jet Structure in Hadron Production by $e^{+}-e^{-}$ Annihilation}},
	Volume = {35},
	Year = {1975},
	Bdsk-File-1 = {YnBsaXN0MDDUAQIDBAUGJCVYJHZlcnNpb25YJG9iamVjdHNZJGFyY2hpdmVyVCR0b3ASAAGGoKgHCBMUFRYaIVUkbnVsbNMJCgsMDxJXTlMua2V5c1pOUy5vYmplY3RzViRjbGFzc6INDoACgAOiEBGABIAFgAdccmVsYXRpdmVQYXRoWWFsaWFzRGF0YV8QMS4uLzIwMTIvZG9jdW1lbnRzL0dlbmVyYWwvUGh5c1JldkxldHQuMzUuMTYwOS5wZGbSFwsYGVdOUy5kYXRhTxEB/AAAAAAB/AACAAAMTWFjaW50b3NoIEhEAAAAAAAAAAAAAAAAAAAA0eA6kUgrAAAAE69dF1BoeXNSZXZMZXR0LjM1LjE2MDkucGRmAAAAAAAAAAAAAAAAAAAAAAAAAAAAAAAAAAAAAAAAAAAAAAAAAAAAAAATr5XMcovdAAAAAAAAAAAAAQAEAAAJIAAAAAAAAAAAAAAAAAAAAAdHZW5lcmFsAAAQAAgAANHgHnEAAAARAAgAAMxyb70AAAABACAAE69dABOvTgATr0wAE61HABN/wQAPZy4AD2buAA9mpwACAGRNYWNpbnRvc2ggSEQ6VXNlcnM6AHNhNjM5OgBEb2N1bWVudHM6AFdvcms6AEFMSUNFOgAyMDEyOgBkb2N1bWVudHM6AEdlbmVyYWw6AFBoeXNSZXZMZXR0LjM1LjE2MDkucGRmAA4AMAAXAFAAaAB5AHMAUgBlAHYATABlAHQAdAAuADMANQAuADEANgAwADkALgBwAGQAZgAPABoADABNAGEAYwBpAG4AdABvAHMAaAAgAEgARAASAE9Vc2Vycy9zYTYzOS9Eb2N1bWVudHMvV29yay9BTElDRS8yMDEyL2RvY3VtZW50cy9HZW5lcmFsL1BoeXNSZXZMZXR0LjM1LjE2MDkucGRmAAATAAEvAAAVAAIADP//AACABtIbHB0eWiRjbGFzc25hbWVYJGNsYXNzZXNdTlNNdXRhYmxlRGF0YaMdHyBWTlNEYXRhWE5TT2JqZWN00hscIiNcTlNEaWN0aW9uYXJ5oiIgXxAPTlNLZXllZEFyY2hpdmVy0SYnVHJvb3SAAQAIABEAGgAjAC0AMgA3AEAARgBNAFUAYABnAGoAbABuAHEAcwB1AHcAhACOAMIAxwDPAs8C0QLWAuEC6gL4AvwDAwMMAxEDHgMhAzMDNgM7AAAAAAAAAgEAAAAAAAAAKAAAAAAAAAAAAAAAAAAAAz0=}}

@article{Wang:1991,
	Author = {Wang, Xin-Nian and Gyulassy, Miklos},
	Date-Added = {2012-09-16 18:06:49 +0000},
	Date-Modified = {2014-07-07 22:26:28 +0000},
	Doi = {10.1103/PhysRevD.44.3501},
	Journal = {Phys.Rev.},
	Keywords = {theory, simulations, jets},
	Pages = {3501-3516},
	Reportnumber = {LBL-31036},
	Slaccitation = {%%CITATION = PHRVA,D44,3501;%%},
	Title = {{HIJING: A Monte Carlo model for multiple jet production in pp, pA and AA collisions}},
	Volume = {D44},
	Year = {1991},
	Bdsk-File-1 = {YnBsaXN0MDDUAQIDBAUGJCVYJHZlcnNpb25YJG9iamVjdHNZJGFyY2hpdmVyVCR0b3ASAAGGoKgHCBMUFRYaIVUkbnVsbNMJCgsMDxJXTlMua2V5c1pOUy5vYmplY3RzViRjbGFzc6INDoACgAOiEBGABIAFgAdccmVsYXRpdmVQYXRoWWFsaWFzRGF0YV8QLi4uLzIwMTIvZG9jdW1lbnRzL0dlbmVyYWwvUGh5c1JldkQuNDQuMzUwMS5wZGbSFwsYGVdOUy5kYXRhTxEB8AAAAAAB8AACAAAMTWFjaW50b3NoIEhEAAAAAAAAAAAAAAAAAAAA0eA6kUgrAAAAE69dFFBoeXNSZXZELjQ0LjM1MDEucGRmAAAAAAAAAAAAAAAAAAAAAAAAAAAAAAAAAAAAAAAAAAAAAAAAAAAAAAAAAAATr47Me+IIAAAAAAAAAAAAAQAEAAAJIAAAAAAAAAAAAAAAAAAAAAdHZW5lcmFsAAAQAAgAANHgHnEAAAARAAgAAMx7xegAAAABACAAE69dABOvTgATr0wAE61HABN/wQAPZy4AD2buAA9mpwACAGFNYWNpbnRvc2ggSEQ6VXNlcnM6AHNhNjM5OgBEb2N1bWVudHM6AFdvcms6AEFMSUNFOgAyMDEyOgBkb2N1bWVudHM6AEdlbmVyYWw6AFBoeXNSZXZELjQ0LjM1MDEucGRmAAAOACoAFABQAGgAeQBzAFIAZQB2AEQALgA0ADQALgAzADUAMAAxAC4AcABkAGYADwAaAAwATQBhAGMAaQBuAHQAbwBzAGgAIABIAEQAEgBMVXNlcnMvc2E2MzkvRG9jdW1lbnRzL1dvcmsvQUxJQ0UvMjAxMi9kb2N1bWVudHMvR2VuZXJhbC9QaHlzUmV2RC40NC4zNTAxLnBkZgATAAEvAAAVAAIADP//AACABtIbHB0eWiRjbGFzc25hbWVYJGNsYXNzZXNdTlNNdXRhYmxlRGF0YaMdHyBWTlNEYXRhWE5TT2JqZWN00hscIiNcTlNEaWN0aW9uYXJ5oiIgXxAPTlNLZXllZEFyY2hpdmVy0SYnVHJvb3SAAQAIABEAGgAjAC0AMgA3AEAARgBNAFUAYABnAGoAbABuAHEAcwB1AHcAhACOAL8AxADMAsACwgLHAtIC2wLpAu0C9AL9AwIDDwMSAyQDJwMsAAAAAAAAAgEAAAAAAAAAKAAAAAAAAAAAAAAAAAAAAy4=},
	Bdsk-Url-1 = {http://dx.doi.org/10.1103/PhysRevD.44.3501}}

@techreport{GEANT3-url,
	Author = {Brun, R and others},
	Date-Added = {2012-09-16 18:00:43 +0000},
	Date-Modified = {2016-10-27 16:26:38 +0000},
	Institution = {CERN},
	Keywords = {simulations},
	Reportnumber = {CERN-DD-78-2},
	Title = {{Simulation program for particle physics experiments, GEANT: user guide and reference manual}},
	Url = {https://cds.cern.ch/record/118715},
	Year = {1978},
	Bdsk-Url-1 = {https://cds.cern.ch/record/118715}}

@article{Sjostrand:2006,
	Archiveprefix = {arXiv},
	Author = {Sj{\"o}strand, T. and Mrenna, S. and Skands, P.},
	Date-Added = {2012-09-16 17:51:14 +0000},
	Date-Modified = {2016-11-14 16:42:35 +0000},
	Doi = {10.1088/1126-6708/2006/05/026},
	Eprint = {hep-ph/0603175},
	Journal = {JHEP},
	Keywords = {simulations, theory},
	Number = {26},
	Pages = {1},
	Primaryclass = {hep-ph},
	Publisher = {IOP Publishing},
	Title = {{PYTHIA 6.4 physics and manual}},
	Volume = {5},
	Year = {2006},
	Bdsk-File-1 = {YnBsaXN0MDDUAQIDBAUGJCVYJHZlcnNpb25YJG9iamVjdHNZJGFyY2hpdmVyVCR0b3ASAAGGoKgHCBMUFRYaIVUkbnVsbNMJCgsMDxJXTlMua2V5c1pOUy5vYmplY3RzViRjbGFzc6INDoACgAOiEBGABIAFgAdccmVsYXRpdmVQYXRoWWFsaWFzRGF0YV8QMy4uLzIwMTIvZG9jdW1lbnRzL0dlbmVyYWwvMTEyNi02NzA4XzIwMDZfMDVfMDI2LnBkZtIXCxgZV05TLmRhdGFPEQIEAAAAAAIEAAIAAAxNYWNpbnRvc2ggSEQAAAAAAAAAAAAAAAAAAADR4DqRSCsAAAATr10ZMTEyNi02NzA4XzIwMDZfMDVfMDI2LnBkZgAAAAAAAAAAAAAAAAAAAAAAAAAAAAAAAAAAAAAAAAAAAAAAAAAAABOvbsx73cwAAAAAAAAAAAABAAQAAAkgAAAAAAAAAAAAAAAAAAAAB0dlbmVyYWwAABAACAAA0eAecQAAABEACAAAzHvBrAAAAAEAIAATr10AE69OABOvTAATrUcAE3/BAA9nLgAPZu4AD2anAAIAZk1hY2ludG9zaCBIRDpVc2VyczoAc2E2Mzk6AERvY3VtZW50czoAV29yazoAQUxJQ0U6ADIwMTI6AGRvY3VtZW50czoAR2VuZXJhbDoAMTEyNi02NzA4XzIwMDZfMDVfMDI2LnBkZgAOADQAGQAxADEAMgA2AC0ANgA3ADAAOABfADIAMAAwADYAXwAwADUAXwAwADIANgAuAHAAZABmAA8AGgAMAE0AYQBjAGkAbgB0AG8AcwBoACAASABEABIAUVVzZXJzL3NhNjM5L0RvY3VtZW50cy9Xb3JrL0FMSUNFLzIwMTIvZG9jdW1lbnRzL0dlbmVyYWwvMTEyNi02NzA4XzIwMDZfMDVfMDI2LnBkZgAAEwABLwAAFQACAAz//wAAgAbSGxwdHlokY2xhc3NuYW1lWCRjbGFzc2VzXU5TTXV0YWJsZURhdGGjHR8gVk5TRGF0YVhOU09iamVjdNIbHCIjXE5TRGljdGlvbmFyeaIiIF8QD05TS2V5ZWRBcmNoaXZlctEmJ1Ryb290gAEACAARABoAIwAtADIANwBAAEYATQBVAGAAZwBqAGwAbgBxAHMAdQB3AIQAjgDEAMkA0QLZAtsC4ALrAvQDAgMGAw0DFgMbAygDKwM9A0ADRQAAAAAAAAIBAAAAAAAAACgAAAAAAAAAAAAAAAAAAANH}}

@article{CDF:2007,
	Archiveprefix = {arXiv},
	Author = {Abulencia, A. and others},
	Collaboration = {CDF},
	Date-Added = {2012-08-25 20:09:20 +0000},
	Date-Modified = {2016-07-21 18:23:55 +0000},
	Eprint = {hep-ex/0701051},
	Journal = {Physical Review D},
	Keywords = {FNAL, CDF, pp, jets},
	Number = {9},
	Pages = {092006},
	Primaryclass = {hep-ex},
	Publisher = {APS},
	Title = {{Measurement of the inclusive jet cross section using the $k_{\rm T}$ algorithm in pp collisions at $\sqrt{s}=1.96$ TeV with the CDF II detector}},
	Volume = {75},
	Year = {2007},
	Bdsk-File-1 = {YnBsaXN0MDDUAQIDBAUGJCVYJHZlcnNpb25YJG9iamVjdHNZJGFyY2hpdmVyVCR0b3ASAAGGoKgHCBMUFRYaIVUkbnVsbNMJCgsMDxJXTlMua2V5c1pOUy5vYmplY3RzViRjbGFzc6INDoACgAOiEBGABIAFgAdccmVsYXRpdmVQYXRoWWFsaWFzRGF0YV8QJS4uLzIwMTIvZG9jdW1lbnRzL0dlbmVyYWwvMDcwMTA1MS5wZGbSFwsYGVdOUy5kYXRhTxEBzAAAAAABzAACAAAMTWFjaW50b3NoIEhEAAAAAAAAAAAAAAAAAAAA0eA6kUgrAAAAE69dCzA3MDEwNTEucGRmAAAAAAAAAAAAAAAAAAAAAAAAAAAAAAAAAAAAAAAAAAAAAAAAAAAAAAAAAAAAAAAAAAAAAAATr2HMXv1oAAAAAAAAAAAAAQAEAAAJIAAAAAAAAAAAAAAAAAAAAAdHZW5lcmFsAAAQAAgAANHgHnEAAAARAAgAAMxe4UgAAAABACAAE69dABOvTgATr0wAE61HABN/wQAPZy4AD2buAA9mpwACAFhNYWNpbnRvc2ggSEQ6VXNlcnM6AHNhNjM5OgBEb2N1bWVudHM6AFdvcms6AEFMSUNFOgAyMDEyOgBkb2N1bWVudHM6AEdlbmVyYWw6ADA3MDEwNTEucGRmAA4AGAALADAANwAwADEAMAA1ADEALgBwAGQAZgAPABoADABNAGEAYwBpAG4AdABvAHMAaAAgAEgARAASAENVc2Vycy9zYTYzOS9Eb2N1bWVudHMvV29yay9BTElDRS8yMDEyL2RvY3VtZW50cy9HZW5lcmFsLzA3MDEwNTEucGRmAAATAAEvAAAVAAIADP//AACABtIbHB0eWiRjbGFzc25hbWVYJGNsYXNzZXNdTlNNdXRhYmxlRGF0YaMdHyBWTlNEYXRhWE5TT2JqZWN00hscIiNcTlNEaWN0aW9uYXJ5oiIgXxAPTlNLZXllZEFyY2hpdmVy0SYnVHJvb3SAAQAIABEAGgAjAC0AMgA3AEAARgBNAFUAYABnAGoAbABuAHEAcwB1AHcAhACOALYAuwDDApMClQKaAqUCrgK8AsACxwLQAtUC4gLlAvcC+gL/AAAAAAAAAgEAAAAAAAAAKAAAAAAAAAAAAAAAAAAAAwE=}}

@article{ALICE:2012a,
	Archiveprefix = {arXiv},
	Author = {Abelev, B. and others},
	Collaboration = {ALICE},
	Date-Added = {2012-08-25 19:42:17 +0000},
	Date-Modified = {2016-07-21 17:54:37 +0000},
	Eprint = {1201.2423},
	Journal = {JHEP},
	Keywords = {LHC, ALICE, QGP, jets},
	Number = {053},
	Pages = {053},
	Primaryclass = {hep-ex},
	Title = {{Measurement of Event Background Fluctuations for Charged Particle Jet Reconstruction in Pb--Pb collisions at $\sqrt{s_ {\mathrm {NN}}}=2.76$ TeV}},
	Volume = {1203},
	Year = {2012},
	Bdsk-File-1 = {YnBsaXN0MDDUAQIDBAUGJCVYJHZlcnNpb25YJG9iamVjdHNZJGFyY2hpdmVyVCR0b3ASAAGGoKgHCBMUFRYaIVUkbnVsbNMJCgsMDxJXTlMua2V5c1pOUy5vYmplY3RzViRjbGFzc6INDoACgAOiEBGABIAFgAdccmVsYXRpdmVQYXRoWWFsaWFzRGF0YV8QLi4uLzIwMTMvZG9jdW1lbnRzL0FMSUNFL1BhcGVycy8xMjAxLjI0MjN2MS5wZGbSFwsYGVdOUy5kYXRhTxEB6AAAAAAB6AACAAAMTWFjaW50b3NoIEhEAAAAAAAAAAAAAAAAAAAA0eA6kUgrAAAAE7CMDzEyMDEuMjQyM3YxLnBkZgAAAAAAAAAAAAAAAAAAAAAAAAAAAAAAAAAAAAAAAAAAAAAAAAAAAAAAAAAAAAAAAAATsI3L1qjqAAAAAAAAAAAAAQAFAAAJIAAAAAAAAAAAAAAAAAAAAAZQYXBlcnMAEAAIAADR4B5xAAAAEQAIAADL1ozKAAAAAQAkABOwjAATsIIAE7B+ABOwegATrUcAE3/BAA9nLgAPZu4AD2anAAIAYk1hY2ludG9zaCBIRDpVc2VyczoAc2E2Mzk6AERvY3VtZW50czoAV29yazoAQUxJQ0U6ADIwMTM6AGRvY3VtZW50czoAQUxJQ0U6AFBhcGVyczoAMTIwMS4yNDIzdjEucGRmAA4AIAAPADEAMgAwADEALgAyADQAMgAzAHYAMQAuAHAAZABmAA8AGgAMAE0AYQBjAGkAbgB0AG8AcwBoACAASABEABIATFVzZXJzL3NhNjM5L0RvY3VtZW50cy9Xb3JrL0FMSUNFLzIwMTMvZG9jdW1lbnRzL0FMSUNFL1BhcGVycy8xMjAxLjI0MjN2MS5wZGYAEwABLwAAFQACAAz//wAAgAbSGxwdHlokY2xhc3NuYW1lWCRjbGFzc2VzXU5TTXV0YWJsZURhdGGjHR8gVk5TRGF0YVhOU09iamVjdNIbHCIjXE5TRGljdGlvbmFyeaIiIF8QD05TS2V5ZWRBcmNoaXZlctEmJ1Ryb290gAEACAARABoAIwAtADIANwBAAEYATQBVAGAAZwBqAGwAbgBxAHMAdQB3AIQAjgC/AMQAzAK4AroCvwLKAtMC4QLlAuwC9QL6AwcDCgMcAx8DJAAAAAAAAAIBAAAAAAAAACgAAAAAAAAAAAAAAAAAAAMm}}

@proceedings{Cacciari:2009,
	Archiveprefix = {arXiv},
	Author = {Cacciari, M.},
	Date-Added = {2012-08-25 19:34:47 +0000},
	Date-Modified = {2014-07-07 19:21:04 +0000},
	Eprint = {0906.1598},
	Keywords = {jets, jet finding, underlying event},
	Title = {Recent Progress in Jet Algorithms and Their Impact in Underlying Event Studies},
	Year = {2009}}

@article{Cacciari:2011a,
	Archiveprefix = {arXiv},
	Author = {Cacciari, M. and Rojo, J. and Salam, G.P. and Soyez, G.},
	Date-Added = {2012-08-25 19:32:04 +0000},
	Date-Modified = {2016-11-16 15:22:32 +0000},
	Eprint = {1010.1759},
	Journal = {The European Physical Journal C},
	Keywords = {jets, jet finding, underlying event},
	Number = {1},
	Pages = {1--21},
	Primaryclass = {hep-ph},
	Publisher = {Springer},
	Section = {C},
	Title = {Jet reconstruction in heavy ion collisions},
	Volume = {71},
	Year = {2011},
	Bdsk-File-1 = {YnBsaXN0MDDUAQIDBAUGJCVYJHZlcnNpb25YJG9iamVjdHNZJGFyY2hpdmVyVCR0b3ASAAGGoKgHCBMUFRYaIVUkbnVsbNMJCgsMDxJXTlMua2V5c1pOUy5vYmplY3RzViRjbGFzc6INDoACgAOiEBGABIAFgAdccmVsYXRpdmVQYXRoWWFsaWFzRGF0YV8QLC4uLzIwMTIvZG9jdW1lbnRzL0JhY2tncm91bmQvMTAxMC4xNzU5djEucGRm0hcLGBlXTlMuZGF0YU8RAeQAAAAAAeQAAgAADE1hY2ludG9zaCBIRAAAAAAAAAAAAAAAAAAAANHgOpFIKwAAABOvUA8xMDEwLjE3NTl2MS5wZGYAAAAAAAAAAAAAAAAAAAAAAAAAAAAAAAAAAAAAAAAAAAAAAAAAAAAAAAAAAAAAAAAAE69VzF1qBwAAAAAAAAAAAAEABAAACSAAAAAAAAAAAAAAAAAAAAAKQmFja2dyb3VuZAAQAAgAANHgHnEAAAARAAgAAMxdTecAAAABACAAE69QABOvTgATr0wAE61HABN/wQAPZy4AD2buAA9mpwACAF9NYWNpbnRvc2ggSEQ6VXNlcnM6AHNhNjM5OgBEb2N1bWVudHM6AFdvcms6AEFMSUNFOgAyMDEyOgBkb2N1bWVudHM6AEJhY2tncm91bmQ6ADEwMTAuMTc1OXYxLnBkZgAADgAgAA8AMQAwADEAMAAuADEANwA1ADkAdgAxAC4AcABkAGYADwAaAAwATQBhAGMAaQBuAHQAbwBzAGgAIABIAEQAEgBKVXNlcnMvc2E2MzkvRG9jdW1lbnRzL1dvcmsvQUxJQ0UvMjAxMi9kb2N1bWVudHMvQmFja2dyb3VuZC8xMDEwLjE3NTl2MS5wZGYAEwABLwAAFQACAAz//wAAgAbSGxwdHlokY2xhc3NuYW1lWCRjbGFzc2VzXU5TTXV0YWJsZURhdGGjHR8gVk5TRGF0YVhOU09iamVjdNIbHCIjXE5TRGljdGlvbmFyeaIiIF8QD05TS2V5ZWRBcmNoaXZlctEmJ1Ryb290gAEACAARABoAIwAtADIANwBAAEYATQBVAGAAZwBqAGwAbgBxAHMAdQB3AIQAjgC9AMIAygKyArQCuQLEAs0C2wLfAuYC7wL0AwEDBAMWAxkDHgAAAAAAAAIBAAAAAAAAACgAAAAAAAAAAAAAAAAAAAMg}}

@article{Cacciari:2006,
	Author = {Cacciari, M. and Salam, G.P.},
	Date-Added = {2012-08-25 19:30:57 +0000},
	Date-Modified = {2014-07-07 18:55:05 +0000},
	Journal = {Physics Letters B},
	Keywords = {jets, jet finding},
	Number = {1},
	Pages = {57--61},
	Publisher = {Elsevier},
	Title = {Dispelling the $N^3$ myth for the $k_{\rm{T}}$ jet finder},
	Volume = {641},
	Year = {2006},
	Bdsk-File-1 = {YnBsaXN0MDDUAQIDBAUGJCVYJHZlcnNpb25YJG9iamVjdHNZJGFyY2hpdmVyVCR0b3ASAAGGoKgHCBMUFRYaIVUkbnVsbNMJCgsMDxJXTlMua2V5c1pOUy5vYmplY3RzViRjbGFzc6INDoACgAOiEBGABIAFgAdccmVsYXRpdmVQYXRoWWFsaWFzRGF0YV8QKy4uLzIwMTIvZG9jdW1lbnRzL0pldCBmaW5kaW5nLzA1MTIyMTB2Mi5wZGbSFwsYGVdOUy5kYXRhTxEB4AAAAAAB4AACAAAMTWFjaW50b3NoIEhEAAAAAAAAAAAAAAAAAAAA0eA6kUgrAAAAE6+lDTA1MTIyMTB2Mi5wZGYAAAAAAAAAAAAAAAAAAAAAAAAAAAAAAAAAAAAAAAAAAAAAAAAAAAAAAAAAAAAAAAAAAAATr6jMXWtzAAAAAAAAAAAAAQAEAAAJIAAAAAAAAAAAAAAAAAAAAAtKZXQgZmluZGluZwAAEAAIAADR4B5xAAAAEQAIAADMXU9TAAAAAQAgABOvpQATr04AE69MABOtRwATf8EAD2cuAA9m7gAPZqcAAgBeTWFjaW50b3NoIEhEOlVzZXJzOgBzYTYzOToARG9jdW1lbnRzOgBXb3JrOgBBTElDRToAMjAxMjoAZG9jdW1lbnRzOgBKZXQgZmluZGluZzoAMDUxMjIxMHYyLnBkZgAOABwADQAwADUAMQAyADIAMQAwAHYAMgAuAHAAZABmAA8AGgAMAE0AYQBjAGkAbgB0AG8AcwBoACAASABEABIASVVzZXJzL3NhNjM5L0RvY3VtZW50cy9Xb3JrL0FMSUNFLzIwMTIvZG9jdW1lbnRzL0pldCBmaW5kaW5nLzA1MTIyMTB2Mi5wZGYAABMAAS8AABUAAgAM//8AAIAG0hscHR5aJGNsYXNzbmFtZVgkY2xhc3Nlc11OU011dGFibGVEYXRhox0fIFZOU0RhdGFYTlNPYmplY3TSGxwiI1xOU0RpY3Rpb25hcnmiIiBfEA9OU0tleWVkQXJjaGl2ZXLRJidUcm9vdIABAAgAEQAaACMALQAyADcAQABGAE0AVQBgAGcAagBsAG4AcQBzAHUAdwCEAI4AvADBAMkCrQKvArQCvwLIAtYC2gLhAuoC7wL8Av8DEQMUAxkAAAAAAAACAQAAAAAAAAAoAAAAAAAAAAAAAAAAAAADGw==}}

@article{Cacciari:2008c,
	Author = {Cacciari, M. and Salam, G.P. and Soyez, G.},
	Date-Added = {2012-08-25 19:30:26 +0000},
	Date-Modified = {2016-07-21 23:58:06 +0000},
	Doi = {10.1088/1126-6708/2008/04/063},
	Journal = {JHEP},
	Keywords = {jets, jet finding},
	Number = {063},
	Pages = {063},
	Publisher = {IOP Publishing},
	Title = {{The anti-$k_{\rm{T}}$ jet clustering algorithm}},
	Volume = {04},
	Year = {2008},
	Bdsk-File-1 = {YnBsaXN0MDDUAQIDBAUGJCVYJHZlcnNpb25YJG9iamVjdHNZJGFyY2hpdmVyVCR0b3ASAAGGoKgHCBMUFRYaIVUkbnVsbNMJCgsMDxJXTlMua2V5c1pOUy5vYmplY3RzViRjbGFzc6INDoACgAOiEBGABIAFgAdccmVsYXRpdmVQYXRoWWFsaWFzRGF0YV8QLS4uLzIwMTIvZG9jdW1lbnRzL0pldCBmaW5kaW5nLzA4MDIuMTE4OXYyLnBkZtIXCxgZV05TLmRhdGFPEQHoAAAAAAHoAAIAAAxNYWNpbnRvc2ggSEQAAAAAAAAAAAAAAAAAAADR4DqRSCsAAAATr6UPMDgwMi4xMTg5djIucGRmAAAAAAAAAAAAAAAAAAAAAAAAAAAAAAAAAAAAAAAAAAAAAAAAAAAAAAAAAAAAAAAAABOvq8xda70AAAAAAAAAAAABAAQAAAkgAAAAAAAAAAAAAAAAAAAAC0pldCBmaW5kaW5nAAAQAAgAANHgHnEAAAARAAgAAMxdT50AAAABACAAE6+lABOvTgATr0wAE61HABN/wQAPZy4AD2buAA9mpwACAGBNYWNpbnRvc2ggSEQ6VXNlcnM6AHNhNjM5OgBEb2N1bWVudHM6AFdvcms6AEFMSUNFOgAyMDEyOgBkb2N1bWVudHM6AEpldCBmaW5kaW5nOgAwODAyLjExODl2Mi5wZGYADgAgAA8AMAA4ADAAMgAuADEAMQA4ADkAdgAyAC4AcABkAGYADwAaAAwATQBhAGMAaQBuAHQAbwBzAGgAIABIAEQAEgBLVXNlcnMvc2E2MzkvRG9jdW1lbnRzL1dvcmsvQUxJQ0UvMjAxMi9kb2N1bWVudHMvSmV0IGZpbmRpbmcvMDgwMi4xMTg5djIucGRmAAATAAEvAAAVAAIADP//AACABtIbHB0eWiRjbGFzc25hbWVYJGNsYXNzZXNdTlNNdXRhYmxlRGF0YaMdHyBWTlNEYXRhWE5TT2JqZWN00hscIiNcTlNEaWN0aW9uYXJ5oiIgXxAPTlNLZXllZEFyY2hpdmVy0SYnVHJvb3SAAQAIABEAGgAjAC0AMgA3AEAARgBNAFUAYABnAGoAbABuAHEAcwB1AHcAhACOAL4AwwDLArcCuQK+AskC0gLgAuQC6wL0AvkDBgMJAxsDHgMjAAAAAAAAAgEAAAAAAAAAKAAAAAAAAAAAAAAAAAAAAyU=}}

@article{Cacciari:2008b,
	Author = {Cacciari, M. and Salam, G.P.},
	Date-Added = {2012-08-25 19:29:30 +0000},
	Date-Modified = {2014-07-07 19:21:11 +0000},
	Journal = {Physics Letters B},
	Keywords = {jets, jet finding, underlying event},
	Number = {1-2},
	Pages = {119--126},
	Publisher = {Elsevier},
	Section = {B},
	Title = {Pileup subtraction using jet areas},
	Volume = {659},
	Year = {2008},
	Bdsk-File-1 = {YnBsaXN0MDDUAQIDBAUGJCVYJHZlcnNpb25YJG9iamVjdHNZJGFyY2hpdmVyVCR0b3ASAAGGoKgHCBMUFRYaIVUkbnVsbNMJCgsMDxJXTlMua2V5c1pOUy5vYmplY3RzViRjbGFzc6INDoACgAOiEBGABIAFgAdccmVsYXRpdmVQYXRoWWFsaWFzRGF0YV8QLC4uLzIwMTIvZG9jdW1lbnRzL0JhY2tncm91bmQvMDcwNy4xMzc4djIucGRm0hcLGBlXTlMuZGF0YU8RAeQAAAAAAeQAAgAADE1hY2ludG9zaCBIRAAAAAAAAAAAAAAAAAAAANHgOpFIKwAAABOvUA8wNzA3LjEzNzh2Mi5wZGYAAAAAAAAAAAAAAAAAAAAAAAAAAAAAAAAAAAAAAAAAAAAAAAAAAAAAAAAAAAAAAAAAE69Ty98vvwAAAAAAAAAAAAEABAAACSAAAAAAAAAAAAAAAAAAAAAKQmFja2dyb3VuZAAQAAgAANHgHnEAAAARAAgAAMvfE58AAAABACAAE69QABOvTgATr0wAE61HABN/wQAPZy4AD2buAA9mpwACAF9NYWNpbnRvc2ggSEQ6VXNlcnM6AHNhNjM5OgBEb2N1bWVudHM6AFdvcms6AEFMSUNFOgAyMDEyOgBkb2N1bWVudHM6AEJhY2tncm91bmQ6ADA3MDcuMTM3OHYyLnBkZgAADgAgAA8AMAA3ADAANwAuADEAMwA3ADgAdgAyAC4AcABkAGYADwAaAAwATQBhAGMAaQBuAHQAbwBzAGgAIABIAEQAEgBKVXNlcnMvc2E2MzkvRG9jdW1lbnRzL1dvcmsvQUxJQ0UvMjAxMi9kb2N1bWVudHMvQmFja2dyb3VuZC8wNzA3LjEzNzh2Mi5wZGYAEwABLwAAFQACAAz//wAAgAbSGxwdHlokY2xhc3NuYW1lWCRjbGFzc2VzXU5TTXV0YWJsZURhdGGjHR8gVk5TRGF0YVhOU09iamVjdNIbHCIjXE5TRGljdGlvbmFyeaIiIF8QD05TS2V5ZWRBcmNoaXZlctEmJ1Ryb290gAEACAARABoAIwAtADIANwBAAEYATQBVAGAAZwBqAGwAbgBxAHMAdQB3AIQAjgC9AMIAygKyArQCuQLEAs0C2wLfAuYC7wL0AwEDBAMWAxkDHgAAAAAAAAIBAAAAAAAAACgAAAAAAAAAAAAAAAAAAAMg}}

@article{Cacciari:2010,
	Author = {Cacciari, M. and Salam, G.P. and Sapeta, S.},
	Date-Added = {2012-08-25 19:28:36 +0000},
	Date-Modified = {2014-07-07 19:20:58 +0000},
	Journal = {JHEP},
	Keywords = {underlying event},
	Number = {04},
	Pages = {04},
	Publisher = {Springer},
	Title = {On the characterisation of the underlying event},
	Volume = {065},
	Year = {2010},
	Bdsk-File-1 = {YnBsaXN0MDDUAQIDBAUGJCVYJHZlcnNpb25YJG9iamVjdHNZJGFyY2hpdmVyVCR0b3ASAAGGoKgHCBMUFRYaIVUkbnVsbNMJCgsMDxJXTlMua2V5c1pOUy5vYmplY3RzViRjbGFzc6INDoACgAOiEBGABIAFgAdccmVsYXRpdmVQYXRoWWFsaWFzRGF0YV8QLC4uLzIwMTIvZG9jdW1lbnRzL0JhY2tncm91bmQvMDkxMi40OTI2djIucGRm0hcLGBlXTlMuZGF0YU8RAeQAAAAAAeQAAgAADE1hY2ludG9zaCBIRAAAAAAAAAAAAAAAAAAAANHgOpFIKwAAABOvUA8wOTEyLjQ5MjZ2Mi5wZGYAAAAAAAAAAAAAAAAAAAAAAAAAAAAAAAAAAAAAAAAAAAAAAAAAAAAAAAAAAAAAAAAAE69UzF7FogAAAAAAAAAAAAEABAAACSAAAAAAAAAAAAAAAAAAAAAKQmFja2dyb3VuZAAQAAgAANHgHnEAAAARAAgAAMxeqYIAAAABACAAE69QABOvTgATr0wAE61HABN/wQAPZy4AD2buAA9mpwACAF9NYWNpbnRvc2ggSEQ6VXNlcnM6AHNhNjM5OgBEb2N1bWVudHM6AFdvcms6AEFMSUNFOgAyMDEyOgBkb2N1bWVudHM6AEJhY2tncm91bmQ6ADA5MTIuNDkyNnYyLnBkZgAADgAgAA8AMAA5ADEAMgAuADQAOQAyADYAdgAyAC4AcABkAGYADwAaAAwATQBhAGMAaQBuAHQAbwBzAGgAIABIAEQAEgBKVXNlcnMvc2E2MzkvRG9jdW1lbnRzL1dvcmsvQUxJQ0UvMjAxMi9kb2N1bWVudHMvQmFja2dyb3VuZC8wOTEyLjQ5MjZ2Mi5wZGYAEwABLwAAFQACAAz//wAAgAbSGxwdHlokY2xhc3NuYW1lWCRjbGFzc2VzXU5TTXV0YWJsZURhdGGjHR8gVk5TRGF0YVhOU09iamVjdNIbHCIjXE5TRGljdGlvbmFyeaIiIF8QD05TS2V5ZWRBcmNoaXZlctEmJ1Ryb290gAEACAARABoAIwAtADIANwBAAEYATQBVAGAAZwBqAGwAbgBxAHMAdQB3AIQAjgC9AMIAygKyArQCuQLEAs0C2wLfAuYC7wL0AwEDBAMWAxkDHgAAAAAAAAIBAAAAAAAAACgAAAAAAAAAAAAAAAAAAAMg}}
